2646 3882
272 203 276 208 ’
337 229 422 294 14
1227 228 1451 283 Scholia

339 393 616 474 ἰαμβικὸν
664 395 936 476 δίμετρον
981 395 1510 476 ὑπερκατάληκτον.
1658 395 1720 457 τὸ
1768 391 1817 456 ι’
1853 394 2170 456 ἔπιωνικὸν
2207 393 2372 456 ἀντι-

338 484 658 546 σπαστικὸν
705 485 976 566 δίμετρον
1019 484 1444 563 καταληκτικὸν
1490 493 1596 546 τοῦ
1644 485 1888 546 ι’ωνικοῦ
1935 482 2051 546 ἀπὸ
2097 485 2373 566 τροχαίου

334 571 678 654 ἀρχομένου.
797 573 860 635 τὸ
891 569 980 634 ια’
1005 573 1315 654 τροχαικὸν
1346 574 1619 654 δι’μετρον
1646 572 2063 651 ἀκατάληκτον.
2189 573 2252 634 τὸ
2283 569 2375 654 ιβ’

335 661 542 741 ὅμοιον
587 668 670 747 τῷ
705 663 892 744 τρίτω.
1029 661 1093 723 τὸ
1141 657 1224 744 ιγ’
1269 661 1833 745 προκελευσματικὸν
1880 663 2151 742 ὃίμετρον
2196 685 2373 723 κατα-

333 750 634 829 ληκτικόν·
689 750 754 812 ἐν
803 725 892 824 οἷς
939 751 1048 831 ὅρα
1092 751 1193 813 καὶ
1237 750 1304 812 τὸ
1351 751 1710 827 θαυμάσιον.
1787 748 1818 812 ὅ
1864 750 2091 813 τοιόσδε
2136 749 2405 832 ῥυθμὸς
2434 777 2462 817 5

332 849 604 920 ταχυτῆτι
639 837 932 920 ἁρμόττει·
979 840 1127 901 ὅθεν
1162 839 1263 901 καὶ
1297 839 1876 919 προκελευσματικός.
1960 838 2133 920 βλέπε
2162 840 2371 901 τοίνυν

332 927 435 989 τὸν
501 929 844 1007 σοφώτατον
906 929 1226 1010 Πίνδαρον
1277 939 1404 1002 πῶς
1465 929 1587 1008 ἥλω
1646 928 1712 990 ἐν
1772 923 1861 1000 οἷς
1931 927 2035 989 τὸν
2098 938 2369 991 τοιοῦτον

333 1017 572 1098 ῥυθμὸν
627 1016 888 1096 εὔσημον
941 1017 1041 1078 διὰ
1093 1029 1199 1080 τοῦ
1255 1017 1435 1098 λόγου
1492 1017 1994 1096 ἀποκαθίστησιν,
2048 1017 2115 1078 ἐν
2158 1027 2230 1102 τῇ
2276 1016 2368 1079 ἐν·

326 1100 468 1190 ινοία
511 1117 800 1187 ταχυτῆτα
841 1105 1251 1188 κατωρθωκὼς
1288 1105 1353 1168 ἐν
1390 1101 1480 1180 οἷς
1516 1105 1689 1189 λέγει·
1747 1105 1903 1168 ὅθεν
1934 1104 1971 1168 ὁ
2003 1107 2367 1185 πολύφατος,

333 1195 432 1256 διὰ
485 1195 551 1256 τὸ
605 1205 709 1274 τῆς
763 1194 970 1275 φήμης
1025 1196 1193 1277 ταχύ·
1245 1194 1375 1274 καὶ,
1428 1194 1573 1256 νόον
1626 1194 1746 1256 ὑπὸ
1800 1195 2217 1276 γλυκυτάταις,
2268 1195 2368 1256 διὰ
2401 1223 2457 1262 10

332 1284 397 1346 τὸ
443 1293 549 1346 τοῦ
595 1284 737 1357 νοὸς
782 1281 1157 1364 ὀξυκίνητον·
1222 1283 1352 1364 καὶ,
1400 1279 1571 1345 ὁπότ’
1614 1283 1842 1344 ἐκάλεσε
1887 1283 2107 1363 πατὴρ,
2134 1283 2255 1344 ,διὰ
2298 1283 2371 1345 τὸ

331 1381 436 1453 τῆς
490 1373 747 1452 κλήσεως
801 1374 968 1454 ταχύ·
1040 1373 1170 1453 καὶ,
1234 1374 1450 1447 ὕδατος
1506 1373 1593 1435 ὅτι
1646 1395 1707 1434 τε
1752 1371 1924 1454 πυρὶ,
1984 1372 2084 1433 διὰ
2137 1372 2205 1434 τὸΔ
2248 1381 2368 1433 τῶν

334 1463 632 1542 στοιχείων
698 1461 1040 1541 εὐκίνητον,
1097 1471 1204 1525 τοῦ
1269 1459 1377 1542 μὲν
1442 1460 1792 1542 ἀνωφεροῦς
1856 1461 2055 1540 ὄντος,
2128 1470 2235 1522 τοῦ
2301 1459 2365 1522 δὲ

331 1561 734 1629 κατωφεροῦς·
801 1549 902 1612 καὶ
956 1551 1162 1631 πάλιν,
1217 1549 1358 1629 μετὰ
1412 1551 1477 1612 τὸ
1522 1551 1915 1632 ταχύποτμον·
1971 1550 2103 1629 καὶ,
2156 1547 2257 1630 ἐμὲ
2304 1545 2359 1610 δ’

331 1637 427 1700 ἐπὶ
473 1639 828 1720 ταχυτάτων·
884 1638 1012 1719 καὶ,
1057 1638 1329 1712 Πέλοπος
1376 1641 1476 1701 ἵνα
1519 1639 1795 1720 ταχυτής·
1850 1639 1951 1700 καὶ
1994 1637 2090 1700 ἐπὶ
2132 1640 2366 1712 τούτοις
2394 1665 2448 1706 15

332 1727 426 1806 τὸ,
472 1727 614 1800 θεὸς
659 1727 969 1809 ἐπίτροπος
1012 1726 1155 1808 ἐὼν,
1203 1728 1300 1790 διὰ
1346 1727 1456 1806 τὴν
1492 1729 1592 1789 καὶ
1637 1725 1784 1808 ὑπὲρ
1821 1727 2003 1808 ριπὴν
2044 1726 2363 1807 ὀφθαλμοῦ

333 1814 715 1895 ὄξυκινησίαν
751 1825 856 1878 τοῦ
893 1817 1084 1880 θείου.
1229 1817 1294 1878 τὸ
1323 1812 1409 1878 ιδ’
1439 1817 1647 1897 ὅμοιον
1682 1823 1762 1901 τῷ
1792 1814 1865 1890 ζ’.
2009 1817 2073 1878 τὸ
2102 1813 2179 1878 ιε’
2206 1815 2270 1877 ἔκ
2306 1839 2364 1878 τε

334 1904 727 1967 ἀντισπάστου
771 1905 873 1967 καὶ
908 1903 973 1967 α’
1009 1907 1269 1980 παίωνος
1304 1898 1435 1968 κατ’
1476 1905 1869 1968 ἀντιπάθειαν
1904 1905 2005 1967 καὶ
2050 1908 2362 1986 συλλαβῆς.

421 1994 486 2055 τὸ
527 1992 616 2060 ις’
651 1993 1104 2057 ἀντισπαστικὸν
1142 1997 1444 2079 τρίμετρον
1488 1996 1912 2075 καταληκτικὸν
1946 1989 2075 2057 κατ’
2117 1994 2362 2056 ἀντιπά-

335 2090 524 2145 θειαν.
661 2083 726 2145 τὸ
755 2082 834 2157 ιζ’
871 2082 1347 2164 ἀντισπαστικὸν,
1388 2086 1742 2147 Φαλαίκειον
1771 2087 2066 2165 συλλαβῆς
2094 2084 2359 2162 δεούσης.
2390 2111 2446 2151 2⁰

270 2186 303 2241 Q
464 2170 503 2253 ἡ
543 2170 606 2234 δὲ
644 2172 871 2259 ἐπῳδὸς
907 2174 1111 2235 κώλων
1150 2171 1249 2255 ιγ’.
1381 2173 1445 2235 τὸ
1474 2171 1539 2234 α’
1565 2175 1759 2235 παίων
1797 2174 2065 2255 δεύτερος
2100 2172 2201 2234 καὶ
2229 2173 2360 2252 ἰαμ-

331 2262 504 2342 βικὸν
531 2262 984 2345 πενθημιμερές.
1118 2262 1182 2323 τὸ
1211 2259 1278 2343 β’
1315 2262 1593 2342 ἰαμβικὸν
1621 2260 2071 2343 πενθημιμερές.
2206 2260 2271 2322 τὸ
2298 2256 2362 2343 γ’

477 2547 504 2593 1
547 2541 848 2596 ἐπιωνικὸν
885 2539 1064 2595 uTz.:
1103 2556 1208 2595 om.
1251 2541 1288 2594 Ρ
1450 2545 1481 2593 2
1531 2548 1629 2595 τοῦ
1670 2540 1785 2594 ἰων.
1826 2540 1939 2594 ἀπὸ
1979 2556 2083 2593 om.
2125 2540 2185 2605 Ρ,
2225 2538 2356 2592 add.

335 2614 484 2681 (post
521 2618 552 2663 3
591 2610 949 2683 ἀρχομένου)ε
1008 2610 1036 2666 ὃ
1083 2613 1182 2665 καὶ
1228 2610 1545 2667 ἐπιωνικόν.
1624 2608 1712 2665 ὅτε
1756 2610 1865 2679 γὰρ
1900 2615 1977 2683 τῷ
2004 2608 2357 2681 ἀντισπάστῳ

334 2682 536 2737 ἰωνικὰ
569 2681 856 2770 μίγνυται,
905 2682 1205 2737 ἐπιωνικὸν
1249 2682 1312 2736 τὸ
1366 2680 1567 2751 μέτρον
1603 2685 1852 2737 καλεῖται
1899 2683 2023 2751 (hoc
2058 2681 2194 2734 item
2240 2679 2359 2751 Tz.)

477 2760 510 2807 4
567 2772 762 2823 ομοιον
809 2756 888 2807 τῶ
923 2750 1088 2821 τρίτω
1127 2754 1191 2810 ss:
1247 2754 1614 2825 χοριαμβικὸν
1662 2750 1921 2823 ὃίμετρον
1956 2749 2359 2821 καταληκτικόν

335 2825 518 2895 P<Tz.)
641 2830 672 2878 5
713 2826 772 2880 ἐν
811 2807 1066 2888 οἷς-Μ’
1089 2820 1255 2879 θείου
1287 2824 1503 2915 ss(Tz.):
1545 2823 1813 2894 ἐχρήσατο
1852 2824 1913 2880 δὲ
1950 2827 2361 2892 προκελευσμα-

331 2900 468 2969 τικῷ
498 2894 595 2950 διὰ
630 2896 693 2950 τὸ
721 2897 862 2966 ταχὺ
887 2904 986 2965 τῆς
1024 2903 1218 2965 φωνῆς
1253 2898 1355 2965 (γρ.
1388 2916 1576 2966 φημης
1604 2898 1745 2959 ng).
1820 2897 1917 2949 καὶ
1953 2896 2195 2967 ἀλλαχοῦ
2222 2894 2357 2965 γάρ·

332 2966 468 3021 νόον
514 2967 625 3021 ὑπὸ
672 2966 1059 3037 γλυκυτάταις,
1116 2965 1213 3021 διὰ
1261 2967 1326 3021 τὸ
1380 2968 1520 3037 ταχὺ
1564 2976 1665 3021 τοῦ
1711 2967 1864 3022 νόου.
1948 2967 2047 3019 καὶ
2092 2968 2357 3037 ἀλλαχοῦ·

331 3035 538 3092 ὁππότ’
581 3037 800 3093 ἐκάλεσε
845 3037 1054 3107 πατὴρ,
1112 3037 1210 3091 διὰ
1254 3038 1317 3092 τὸ
1355 3038 1496 3108 ταχὺ
1541 3047 1640 3108 τῆς
1684 3040 1901 3108 (φωνῆς
1938 3037 2070 3106 del.)
2106 3035 2359 3104 κλήσεως.

331 3118 582 3172 τοιοῦτος
634 3109 740 3178 γὰρ
795 3110 894 3163 καὶ
943 3108 972 3163 ὃ
1023 3109 1585 3177 προκελευσματικὸς,
1642 3109 1815 3201 ταχὺς
1868 3112 1958 3178 (υσ
2009 3108 2279 3176 incertae)

331 3186 363 3233 ὅ
392 3178 717 3251 θαυμάσιόν
751 3201 806 3234 τι
843 3180 934 3235 Tz.
1083 3186 1146 3233 11
1187 3180 1325 3234 νόου
1364 3180 1454 3235 Tz.
1603 3186 1668 3234 15
1710 3201 1804 3234 ινα
1840 3181 1938 3234 καὶ
1972 3178 2091 3233 πέλ.
2131 3179 2219 3236 0⁸⁰

333 3257 400 3305 17
439 3252 500 3307 ἔκ
535 3271 594 3306 τε
633 3251 672 3307 (Ι
711 3251 787 3322 (ἐξ
824 3252 966 3320 Tz.):
1004 3252 1102 3305 καὶ
1139 3254 1177 3307 Ρ
1320 3256 1388 3305 18
1437 3250 1571 3305 α’-
1592 3254 1865 3323 συλλαβῆς
1902 3250 1966 3307 ss:
2005 3248 2257 3314 παίωνος
2293 3249 2353 3303 α’

331 3320 590 3391 δίμετρον
618 3322 1105 3392 ὑπερκατάληκτον
1126 3324 1164 3377 Ρ
1189 3323 1509 3392 (utrumque
1531 3322 1645 3391 Tz.)
1730 3328 1795 3376 19
1825 3319 1948 3376 κατ’
1974 3320 2360 3376 ἀντιπάθειαν

334 3392 398 3449 ss:
437 3393 580 3462 πλὴν
625 3394 661 3463 ἡ
708 3393 855 3463 μίξις
899 3394 1074 3448 αὐτοῦ
1119 3393 1442 3461 ἀντιπαθής
1489 3395 1526 3448 Ρ
1564 3393 1700 3462 (Tz.)
1854 3398 1922 3447 20
1976 3393 2040 3447 τὸ
2089 3391 2164 3457 ιζ’
2205 3392 2361 3445 ἀντι-

333 3464 636 3519 σπαστικὸν
685 3464 973 3533 τρίμετρον
1034 3466 1141 3536 βρα
1176 3464 1559 3534 υκατάληκτον
1612 3462 1641 3519 ὃ
1694 3465 1791 3518 καὶ
1848 3460 2184 3517 Φαλαίκειον
2241 3463 2357 3517 ἀπὸ

335 3532 620 3660 galdino?
677 3538 724 3662 ΙΙ),
767 3538 1086 3605 (utrumque
1142 3485 1256 3605 2i'z.)
1446 3540 1510 3588 21
1575 3535 1759 3607 ἐπῳδὴ
1817 3534 1873 3591 ss.
1962 3533 2027 3586 In
2080 3534 2187 3587 hoc
2240 3550 2356 3587 voc.

377 3622 449 3659 es,
487 3622 576 3660 me
604 3626 645 3660 r.
2300 3650 2304 3654 .
