2646 3882
328 211 370 275 2
1021 211 1245 267 Scholia
1279 213 1341 265 in
1376 212 1681 266 Pindarum

327 378 582 452 ἐξέτισαν
635 377 783 462 ὑπὲρ
839 378 1022 440 αὐτοῦ
1072 374 1405 458 Ἀθηναῖοι.
1497 372 1575 460 ἦν
1632 378 1694 442 δὲ
1750 379 1823 442 οὗ
1878 382 2065 460 μόνον
2120 380 2361 460 εὐφυὴς

325 467 605 548 ποιητὴς,
650 467 795 530 ἀλλὰ
831 468 931 529 καὶ
967 467 1288 551 ἅνθρωπος
1325 469 1633 548 θεοφιλής.
1708 466 1739 530 ὅ
1776 479 1927 552 γοῦν
1963 468 2102 531 Πὰν
2139 468 2171 530 ὅ
2209 469 2359 544 θεὸς

327 556 512 636 ὤφθη
544 558 754 637 μεταξὺ
783 567 888 618 τοῦ
915 560 1300 664 Κιθαιρῶνος
1327 557 1427 619 καὶ
1462 567 1568 620 τοῦ
1590 552 1909 633 Ἑλικῶνος
1936 556 2100 620 αδων
2126 569 2358 620 παιᾶνα

327 646 663 727 Πινδάρου·
731 647 823 708 διὸ
869 645 969 707 καὶ
1014 665 1173 731 ασμα
1219 647 1494 726 ἐποίησεν
1532 647 1615 720 εἰς
1650 646 1754 708 τὸν
1790 648 1938 709 θεὸν
1976 649 2039 710 ἐν
2086 672 2132 731 ῳ
2179 648 2356 730 χάριν

329 733 606 816 ὁμολογεῖ
645 744 750 814 τῆς
794 744 965 814 τιμῆς
1009 734 1186 820 αυτῷ,
1233 728 1307 797 οὗ
1344 733 1383 814 ἡ
1422 735 1569 817 ἀρχή
1609 730 1706 819 (fr.
1740 730 1877 819 95)·
1941 731 1987 798 ὦ
2034 736 2173 797 Πάν
2210 735 2355 798 Πὰν
2414 757 2445 796 5

323 818 634 906 Ἀρκαδίας
689 822 911 904 μεδέων
964 824 1064 885 καὶ
1119 834 1351 904 σεμνῶν
1395 824 1629 886 ἀδύτων
1675 825 1885 903 φύλαξ.
1977 824 2121 886 ἀλλὰ
2165 825 2266 887 καὶ
2311 823 2353 904 ἡ

328 913 618 994 Δημήτηρ
655 911 801 995 ὄναρ
838 913 1116 974 ἐπιστᾶσα
1143 913 1300 997 αὐτῷ
1332 912 1721 993 ἐμέμψατο,“’
1699 914 1787 975 ότι
1814 915 2007 1027 μόνην
2034 925 2152 976 τῶν
2189 920 2357 975 θεῶν

329 1002 437 1082 οὐχ
463 1003 754 1081 ὕμνησεν·
784 999 816 1062 ὅ
846 999 909 1062 δὲ
928 1003 1013 1075 εἰς
1033 1001 1222 1080 αὐτὴν
1240 1002 1476 1080 ἐποίησε
1501 1004 1727 1082 ποίημα
1758 997 1832 1064 οὗ
1860 1001 1960 1082 η’
1929 1027 2078 1085 αρχη
2059 997 2351 1087 '(fr.37)·

328 1091 559 1153 Πότνια
585 1091 925 1172 θεσμοφόρε
954 1092 1288 1172 χρυσάνιον.
1337 1089 1481 1151 ἀλλά
1506 1091 1607 1152 καὶ
1632 1091 1837 1172 βωμὸν
1865 1091 2215 1174 ἀμφοτέρων
2233 1101 2354 1154 τῶν

331 1186 494 1241 θεῶν
531 1179 646 1260 πρὸ
684 1189 788 1259 τῆς
826 1180 1017 1253 οἰκίας
1053 1189 1158 1259 τῆς
1197 1180 1353 1253 ἰδίας
1390 1181 1685 1262 ἱδρύσατο.
1759 1181 2114 1243 Παυσανίου
2154 1179 2216 1244 δὲ
2243 1191 2353 1243 τοῦ
2384 1198 2445 1238 1⁰

332 1269 827 1348 Λακεδαιμονίων
874 1266 1156 1348 βασιλέως
1202 1267 1611 1350 ἐμπιπρῶντος
1656 1269 1760 1342 τὰς
1811 1270 2014 1351 Θήβας
2058 1268 2356 1352 ἐπέγραψέ

329 1382 417 1431 τις
476 1367 546 1442 τῇ
606 1358 795 1442 οἰκία·
873 1358 1180 1439 Πινδάρου
1242 1367 1349 1419 τοῦ
1408 1368 1776 1437 μουσοποιοῦ
1830 1358 1941 1438 τὴν
1999 1357 2211 1441 στέγην
2269 1359 2351 1440 μὴ

329 1447 544 1508 καίετε·
591 1445 690 1507 καὶ
737 1446 924 1518 οὕτως
963 1446 1118 1525 μόνη
1156 1445 1501 1527 ἀπόρθητος
1536 1447 1794 1526 ἔμεινεν,
1840 1447 1941 1509 καὶ
1978 1447 2098 1508 ἔστι
2133 1447 2197 1520 τὸ
2234 1458 2354 1509 νῦν

359 1534 675 1614 νΘήβαις
729 1541 1099 1616 πρυτανεῖον.
1183 1533 1328 1596 ἀλλὰ
1381 1534 1481 1596 καὶ
1525 1535 1591 1597 ἐν
1637 1533 1896 1614 Δελφοῖς
1953 1534 1984 1597 ὅ
2040 1535 2353 1618 προφήτης

332 1621 554 1703 μέλλων
599 1624 811 1685 κλείειν
866 1623 968 1685 τὸν
1017 1621 1166 1684 νεὼν
1212 1625 1491 1704 κηρύσσει
1535 1619 1679 1685 καθ’
1722 1621 1971 1706 ημέραν·
2041 1627 2351 1707 Πίνδαρος
2382 1643 2439 1684 15

332 1710 363 1774 ὅ
411 1712 771 1792 μουσοποιὸς
814 1714 1039 1792 παρίτω
1083 1713 1230 1793 πρὸς
1273 1713 1339 1774 τὸ
1386 1713 1630 1775 δεῖπνον
1665 1720 1745 1798 τῷ
1782 1719 1929 1800 θεω.
2004 1714 2103 1775 καὶ
2136 1714 2249 1796 γὰρ
2286 1713 2352 1776 ἐν

329 1811 399 1886 τῇ
445 1810 564 1862 τῶν
608 1802 870 1862 Πυθίων
917 1800 1087 1888 ἑορτῇ
1134 1800 1469 1883 ἐγεννήθη,
1514 1800 1593 1875 ὡς
1631 1802 1809 1876 αυτός
1847 1821 1996 1882 φησι
2034 1798 2132 1887 (fr.
2168 1797 2353 1883 193)-

331 1863 725 1973 Πενταετηρὶς
770 1889 940 1973 ἕορτά
977 1889 1358 1972 βουπομπὸς,
1405 1890 1469 1953 ἐν
1516 1879 1554 1978 ἀ
1591 1901 1827 1973 πρῶτον
1863 1892 2171 1972 εὐνάσθην
2209 1891 2353 1975 ἀγα-

330 1979 512 2053 πατὸς
571 1979 689 2041 ὑπὸ
751 1982 1124 2063 σπαργάνοις.
1198 1978 1421 2063 λέγεται
1484 1953 1547 2041 δὲ
1603 1982 1875 2063 θεωροὺς
1930 1980 2212 2056 ἀπιόντας
2266 1983 2352 2056 εἰς

325 2066 640 2148 ’Ἀμμωνος
687 2070 920 2149 αἰτησαι
965 2070 1252 2155 Πινδάρω
1305 2068 1371 2131 τὸ
1416 2068 1483 2132 ἐν
1537 2068 1882 2151 ἀνθρώποις
1926 2068 2197 2152 ἄριστον,
2250 2071 2353 2133 καὶ
2380 2088 2437 2129 20

331 2157 664 2221 ἀποθανεῖν
709 2157 774 2221 ἐν
819 2157 1024 2219 ἐκείνω
1070 2164 1149 2243 τῷ
1194 2157 1462 2219 ἐνιαυτω.
1545 2158 1819 2240 ἐπέβαλλε
1858 2156 1920 2221 δὲ
1956 2166 2079 2233 τοῖς
2115 2160 2352 2241 χρόνοις

329 2235 718 2361 Σιμωνίδῃ
679 2273 719 2333 ῃ
756 2222 1034 2328 νεώτερός
1071 2245 1468 2334 πρεσβυτέρω·
1515 2256 1632 2309 τῶν
1668 2258 1820 2329 γοῦν
1856 2247 2053 2310 αυτῶν
2091 2248 2352 2329 μέμνην-

329 2361 424 2399 ται
478 2334 799 2417 ἀμφότεροι
853 2338 1135 2419 πράξεων.
1217 2336 1318 2397 καὶ
1374 2336 1487 2418 γὰρ
1543 2338 1889 2416 Σιμωνίδης
1937 2330 2036 2419 (fr.
2077 2331 2190 2420 83)
2239 2337 2353 2417 τὴν

473 2586 504 2632 2
543 2578 656 2633 sch.
694 2578 755 2631 P.
795 2584 843 2643 3,
877 2583 994 2631 139.
1051 2576 1311 2631 Philostr.
1351 2578 1446 2631 im.
1486 2584 1537 2645 2,
1568 2584 1633 2632 12
1778 2584 1809 2631 6
1845 2576 2009 2631 Pane.
2049 2582 2099 2643 9,
2128 2582 2215 2646 23,
2245 2582 2278 2630 3

331 2656 362 2703 9
410 2650 523 2703 sch.
562 2650 620 2703 B.
663 2655 712 2718 3,
744 2654 860 2702 137.
926 2648 1090 2702 Paua.
1131 2654 1182 2716 9,
1211 2655 1296 2714 25,
1329 2654 1360 2702 3
1526 2655 1592 2703 18
1626 2648 1774 2703 Plut.
1823 2666 1913 2717 qu.
1963 2663 2115 2701 comt.
2156 2653 2207 2717 8,
2238 2654 2287 2715 1,
2318 2654 2353 2703 6

439 2726 504 2774 19
542 2720 688 2774 Plut.
729 2737 877 2775 cons.
917 2720 992 2773 ad.
1027 2720 1212 2790 Apoll.
1253 2726 1320 2773 14
1358 2723 1433 2790 (p.
1466 2725 1567 2774 109
1588 2723 1643 2790 a.)

474 2962 501 3005 1
546 2949 869 3021 Ἀθηναιοις
913 2952 1002 3007 Am
1183 2956 1215 3005 5
1262 2950 1297 3019 ἡ
1338 2968 1444 3005 om.
1482 2950 1637 3005 Euat.
1694 2954 1714 3021 ΙΙ
1768 2949 2009 3005 alterum
2055 2950 2189 3005 Πάν
2240 2968 2350 3005 om.

329 3022 442 3077 sch.
489 3021 550 3075 P.
732 3030 764 3077 9
855 3021 1192 3091 ρυσσάννιόν
1239 3023 1440 3092 (altero
1479 3040 1511 3077 σ
1547 3040 1587 3077 s,
1629 3024 1693 3093 s.)
1731 3023 1774 3078 Α
1829 3044 1897 3095 χρ
1866 3020 2135 3091 ρυσανίου
2176 3025 2208 3077 h
2256 3023 2355 3094 (ad

327 3094 395 3147 fr.
432 3093 510 3163 hy
511 3112 622 3147 mn
663 3095 731 3163 8).
839 3094 906 3147 fr.
945 3093 1108 3149 Paua.
1140 3101 1189 3161 9,
1221 3100 1305 3162 23,
1337 3100 1370 3147 4
1562 3100 1629 3147 14
1675 3093 1704 3148 ὁ
1742 3092 2019 3163 νεωκόρος
2052 3094 2208 3149 Eust.

332 3171 399 3219 18
437 3112 688 3234 εὐνάσθη
694 3186 727 3219 ν
770 3166 836 3221 Αε
895 3163 1146 3234 ἐβάσθην
1195 3183 1236 3218 s.
1283 3165 1539 3235 εὐάσθην
1586 3166 1740 3220 Euat.
1922 3169 1988 3219 19
2026 3164 2138 3219 ὑπὸ
2175 3167 2243 3221 A:
2293 3166 2357 3219 ἐν

329 3236 483 3289 Euat.
513 3239 533 3305 ΙΙ
558 3239 676 3289 θεω
681 3236 815 3304 ρους
850 3233 1124 3299 ἀπιόντας
1147 3236 1330 3290 Eunu:
1377 3241 1622 3306 θεωροῖς
1656 3238 1920 3292 ἀπιοῦσιν
1956 3238 2000 3292 Α
2035 3236 2131 3303 id„
2170 3234 2353 3306 suppl.

331 3257 711 3360 ἐντείλασθαιρ
722 3306 845 3360 Chx.
878 3306 1181 3360 Schneider
1217 3306 1335 3375 (cfr.
1374 3307 1521 3361 Plut.
1562 3326 1708 3362 cone.
1750 3308 1823 3363 ad
1859 3306 2044 3378 Apoll.
2087 3312 2187 3361 109
2218 3310 2273 3377 a)

333 3381 400 3430 20
433 3371 746 3430 Ἀπόλλωνα
783 3394 830 3429 v.
871 3376 1113 3430 Leutsch
1149 3376 1350 3431 Philol.
1385 3384 1447 3431 11
1530 3385 1638 3433 .·1'2
1676 3379 1767 3447 (cl.
1807 3327 1948 3433 eodp
1966 3378 2126 3447 ibid.)
2154 3380 2173 3447 ΙΙ
2210 3380 2357 3433 Πιν-

331 3446 486 3520 δάρῳ
523 3446 566 3501 Α
602 3445 783 3500 Eust.:
821 3444 1110 3513 Πίνδαρος
1147 3450 1179 3502 h
1302 3454 1368 3501 21
1410 3448 1479 3503 ἐπ
1508 3451 1640 3519 βαλε
1675 3450 1830 3504 Eust.
1954 3455 2020 3503 22
2058 3452 2135 3504 Σι
2136 3447 2353 3521 μωνίὸῃ

330 3502 744 3572 Wes‘termann:
783 3514 1106 3585 Σιμωνίδου
1144 3518 1187 3573 Α
1231 3518 1387 3571 Eust.
1444 3522 1468 3601 st
1514 3538 1558 3573 π
1560 3519 1865 3593 ρεσβυτέρω
1902 3521 1945 3576 Α
1991 3522 2055 3592 (ῳ
2093 3536 2161 3574 ex
2196 3536 2355 3587 corr„

330 3588 394 3642 ft.
435 3604 502 3642 ex
539 3590 686 3658 a):-
689 3606 790 3656 ρου
827 3587 982 3640 Euat.
1129 3593 1196 3642 23
1235 3589 1333 3642 cfr.
1374 3589 1527 3644 Smd.
1568 3608 1607 3643 s.
1647 3608 1695 3645 v.
1732 3574 2055 3661 Σιμωνίδης
