2646 3882
1011 245 1020 251 -
1058 207 1276 278 Olymp.
1311 208 1341 261 I
1379 213 1534 263 1—4
2220 210 2301 274 19

279 375 392 454 τὴν
455 374 769 449 ἀπόδειξιν
821 375 926 437 τὸν
981 369 1379 454 Ὀλυμπιακὸν
1441 371 1641 457 ἀγῶνα
1694 374 2089 457 έπιτιμότερον
2154 373 2301 438 ἄπο-

279 465 599 526 δείκνυσιν.
683 483 982 536 5c311151.
1011 483 1288 537 (p.11,⁷)o;
1326 485 1375 536 5,
1403 485 1511 525 dein
1537 487 1589 527 ιε
1609 482 1661 538 ε;
1696 481 1956 538 morene

417 557 452 614 1
475 555 516 613 f.
589 551 804 625 ἄλλως·
871 554 1170 634 σύγκρισις
1229 561 1348 614 τῶν
1402 551 1651 633 ἀγώνων
1708 553 1856 635 πρὸς
1915 552 1985 615 τὰ
2045 560 2295 634 στοιχεῖα
2322 570 2401 627 no

279 642 570 724 γράφεται
631 641 691 716 ἐξ
757 641 941 704 αὐτοῦ
1001 651 1106 703 τοῦ
1169 642 1505 723 προοιμίου.
1614 641 1716 704 καὶ
1772 642 1882 724 γὰρ
1945 637 2018 703 ὃν
2080 643 2300 724 τρόπον

227 754 252 794 5
279 730 478 792 ε’κεῖνα
541 731 698 791 αἴτια
757 739 862 792 τοῦ
921 733 1028 810 ζῆν
1082 735 1206 803 τοῖς
1249 728 1597 811 ἀνθρώποις
1644 730 1784 810 εἰσὶ,
1829 730 1932 792 τὸν
1976 729 2157 792 αὐτὸν
2201 730 2300 792 καὶ

279 830 386 882 τοῦ
432 825 625 892 καλῶς
671 820 778 900 ζῆν
822 819 961 892 τοὺς
1007 818 1240 900 ἀγῶνάς
1285 839 1491 898 φησιν.
1562 819 1687 881 ἐπεὶ
1735 817 1797 880 δὲ
1842 819 2165 900 πρώτιστον
2200 819 2301 881 καὶ

278 917 398 970 τῶν
458 907 652 970 ἄλλων
714 909 1008 988 στοιχείων
1065 906 1312 988 ἄμεινον
1380 906 1444 969 τὸ
1516 907 1677 991 ὕδωρ
1736 907 1881 987 ἐστὶ,
1944 909 2300 988 παραβάλλει

279 997 424 1058 αὐτὸ
471 1006 545 1082 τῇ
589 1005 710 1058 τῶν
751 991 1084 1076 Ὀλυμπίων
1120 998 1291 1083 νίκῃ,
1338 994 1418 1069 ὥς
1462 996 1562 1058 καὶ
1607 996 1757 1081 αὐτῇ
1802 997 2145 1083 προύχούσῃ
2180 1006 2298 1058 τῶν

275 1083 473 1148 ἄλλων
517 1087 828 1168 τεσσάρων.

197 1198 250 1237 ιο
420 1179 536 1254 lg.
601 1173 814 1247 ἄλλως·
879 1171 1118 1255 ἄριστον
1165 1171 1272 1255 μὲν
1319 1174 1507 1255 ὕδωρ·
1563 1171 1597 1235 ὅ
1636 1171 1698 1236 δὲ
1735 1173 1949 1256 χρυσὸς
1994 1172 2300 1256 διαπρέπει
2326 1190 2454 1249 uno

273 1273 382 1325 τοῦ
432 1264 694 1346 μεγάλως
740 1262 1076 1343 δυναμένου
1121 1264 1415 1344 πλούτου,
1451 1263 1551 1324 ἅτε
1596 1262 1661 1325 τὸ
1708 1263 2033 1342 αἰθόμενον
2077 1271 2199 1346 πῦρ
2234 1261 2301 1325 ἐν

273 1351 478 1431 νυκτὶ,
524 1349 714 1434 ἤγουν
761 1349 792 1412 ὅ
838 1353 1080 1433 πυρσός.
1171 1350 1288 1414 ἀπὸ
1335 1362 1547 1414 κοινοῦ
1589 1351 1653 1414 τὸ
1701 1351 2020 1434 διαπρέπει.

415 1446 448 1501 1
484 1442 540 1501 h.
623 1439 890 1523 τέσσαρες
957 1440 1190 1502 ἔπαινοι
1260 1451 1367 1502 τοῦ
1431 1442 1676 1516 ὕδατος·
1759 1440 1999 1520 λευκὸν,
2062 1441 2290 1520 λεπτὸν,
2316 1449 2442 1503 Αῦῑε

277 1529 516 1611 ψυχρὸν
573 1530 672 1590 καὶ
724 1530 926 1611 γλυκύ.
1031 1528 1316 1612 διαφοραὶ
1372 1527 1437 1590 δὲ
1489 1540 1597 1594 τοῦ
1652 1530 1868 1603 ὕδατος
1922 1527 2116 1592 πέντε·
2191 1529 2297 1610 ὅμ-

194 1640 246 1681 15
273 1621 476 1699 βριον,
537 1625 824 1698 πηγαῖον,
882 1619 1200 1697 ποτάμιον,
1261 1619 1543 1697 φρεάτιον
1595 1618 1697 1680 καὶ
1740 1623 2035 1699 λιμναῖον·
2102 1619 2295 1699 ὥσπερ

278 1706 380 1768 καὶ
438 1705 536 1767 ἐπὶ
594 1716 700 1770 τοῦ
761 1708 960 1768 οἴνου·
1035 1704 1068 1768 ὅ
1121 1706 1413 1788 ἐρυθρὸς,
1478 1704 1509 1768 ὅ
1560 1705 1740 1788 μέλας
1792 1707 1893 1769 καὶ
1947 1709 2196 1790 γλυκὺς,
2260 1706 2294 1770 ὁ

274 1795 598 1878 αὐστηρὸς,
645 1793 677 1856 ὁ
722 1795 953 1877 κιρρὸς,
1000 1793 1032 1857 ὃ
1077 1794 1282 1868 λεπτὸς
1326 1795 1428 1857 καὶ
1476 1793 1565 1878 [ὁ]
1612 1796 1834 1870 λευκός.

411 1891 444 1946 1
468 1889 509 1946 i.
575 1883 640 1946 τὸ
679 1885 840 1967 ὕδωρ
876 1885 1287 1967 παχυνόμενον
1323 1891 1491 1947 ποιεῖ
1516 1885 1626 1965 τὴν
1660 1895 1801 1968 γῆν·
1842 1885 2295 1967 λεπτυνόμενον,
2320 1895 2441 1950 Ασῑε

275 1973 379 2035 τὸν
427 1973 568 2056 ἀέρα
584 1990 596 2003 ·
661 1975 821 2037 πάνυ
859 1972 924 2037 δὲ
960 1974 1424 2055 λεπτυνόμενον,
1476 1974 1540 2037 τὸ
1586 1985 1729 2056 πῦρ·
1786 1974 1884 2037 καὶ
1930 1974 2076 2037 κατὰ
2122 1986 2295 2038 τοῦτο

194 2085 248 2125 το
275 2062 534 2144 ἄριστον.
571 2082 674 2125 ·1o·
689 2082 722 2125 ε

409 2156 520 2213 4a.
586 2152 976 2234 μεγάνορος
1021 2150 1248 2232 ἔξοχατ
1295 2152 1590 2233 μεγάνορα
1627 2145 1749 2213 εἷπε
1793 2152 1896 2214 τὸν
1941 2157 2500 2232 πλοῦτον,Αοοεκο

272 2238 354 2313 ὡς
399 2239 510 2320 μὲν
557 2240 703 2303 ἔνιοι
747 2240 846 2301 διὰ
891 2240 955 2301 τὸ
1000 2242 1461 2319 παρασκευάζειν
1506 2241 1645 2313 τοὺς
1680 2239 2074 2319 κεκτημένους
2112 2241 2291 2302 αὐτὸν

271 2329 631 2411 αύχητικοὺς
666 2328 764 2390 καὶ
801 2328 1144 2411 ὑπερόπτας.
1259 2330 1314 2389 b.
1363 2327 1403 2409 ἢ
1440 2329 1529 2390 ὅτι
1563 2328 1739 2402 αὐτός
1775 2329 1893 2391 ἐστι
1929 2329 2292 2411 μεγαλήνωρ,

274 2418 372 2479 διὰ
419 2417 483 2480 τὸ
533 2417 718 2479 πολλὰ
757 2418 1054 2479 δύνασθαι
1092 2419 1582 2499 κατεργάσασθαι.
1672 2428 1855 2498 νεῦρα
1887 2417 2001 2500 γὰρ
2036 2416 2294 2497 πολέμου

195 2528 250 2569 25
276 2507 504 2588 χρυσός.
582 2509 813 2571 sonabo·

413 2736 480 2785 13
521 2730 636 2785 sch.
675 2729 874 2785 Aesch.
911 2729 1092 2786 Prom.
1134 2735 1236 2786 144
1384 2736 1451 2785 16
1488 2731 1618 2787 Ath.
1655 2730 1698 2799 Ι,
1735 2736 1856 2786 260

413 2952 440 2999 1
491 2942 616 3015 τὸν]
665 2943 762 2997 καὶ
795 2943 896 2999 τὸν
932 2959 964 2999 v
1017 2947 1036 3013 ΙΙ
1091 2942 1473 3013 ἐπιτιμότερον
1500 2945 1568 3000 A:
1624 2944 2025 3014 προτιμότερον
2069 2946 2167 2999 καὶ
2203 2965 2292 3000 κε-

270 3012 757 3084 φαλαιωδέστερον
795 3016 834 3069 V
888 3016 908 3085 ΙΙ
958 3018 1087 3084 post
1121 3012 1414 3071 ἀποδείκν.
1452 3015 1693 3070 frustula
1730 3016 1843 3071 sch.
1883 3022 1915 3069 5
1952 3017 2115 3071 inser.
2159 3019 2195 3072 Ε

271 3094 304 3140 4
340 3086 622 3157 γράφεται
659 3101 765 3139 om.
805 3101 837 3140 ν
1009 3091 1040 3140 6
1088 3086 1219 3149 τοὺς
1254 3088 1481 3158 ἀγῶνας
1518 3089 1584 3143 fl:
1624 3089 1754 3151 τοὺς
1798 3088 1899 3156 μὲν
1937 3084 2039 3143 οὖν
2078 3084 2295 3149 αἰτίους

270 3158 349 3215 01·
401 3157 642 3219 τούτους
688 3153 905 3218 αἰτίους
939 3156 1091 3211 Beck
1135 3160 1155 3227 ΙΙ
1207 3157 1329 3212 ἐπεὶ
1376 3158 1438 3212 δὲ
1478 3158 1596 3214 flss:
1646 3157 1838 3228 ἐπειδὴ
1876 3174 1905 3213 ι·
1960 3158 2151 3228 ἐπειδὴ
2190 3159 2292 3228 μὲν

270 3226 370 3285 οὖν
415 3227 572 3282 Beck
755 3232 821 3281 10
878 3228 1105 3296 ἄριστον
1143 3228 1244 3297 μὲν
1291 3226 1441 3296 ὕδωρ
1482 3246 1586 3283 om.
1625 3244 1657 3284 v
1728 3227 1880 3297 ὕδωρ
1919 3247 2023 3284 om.
2067 3232 2104 3286 D

271 3307 335 3355 13
371 3298 577 3355 λεπτόν
614 3298 812 3354 λευκόν
851 3300 888 3354 Ε
1034 3306 1099 3353 16
1135 3308 1236 3355 τοῦ
1273 3316 1381 3353 om.
1423 3302 1459 3355 Ε
1606 3305 1669 3354 17
1709 3300 1739 3355 ὁ
1778 3300 1981 3355 seclusi
2126 3306 2190 3355 18
2226 3300 2290 3355 τὸ

271 3375 329 3429 E:
365 3372 432 3427 τὸ
469 3369 579 3441 γὰρ
617 3370 660 3425 Α
805 3375 870 3423 21
919 3370 980 3443 1.]
1019 3371 1116 3424 καὶ
1155 3372 1191 3425 Ε
1247 3369 1557 3439 μεγάνορος
1594 3371 1740 3427 1)Ηο
1884 3376 1949 3425 22
1989 3368 2291 3425 κατασκευ-

269 3442 420 3509 άζειν
467 3440 710 3513 [D]Hssv
903 3446 970 3494 23
1017 3438 1073 3513 ἢ]
1121 3441 1218 3495 καὶ
1257 3441 1341 3497 ssv
1395 3444 1417 3511 u
1468 3442 1602 3514 ἐστι]
1651 3438 1866 3512 γίνεται
1902 3457 1934 3497 v
1986 3444 2006 3509 ΙΙ
2060 3440 2290 3513 μεγαλή-

269 3535 376 3583 τωρ
417 3515 508 3569 Ε”Ρ
649 3517 722 3565 24
765 3511 1207 3583 κατεργάζεσθαι
1243 3527 1275 3567 v
1314 3529 1421 3567 om.
1464 3514 1501 3568 Ε
1554 3516 1573 3583 ΙΙ
1627 3514 1723 3567 καὶ
1759 3520 1931 3580 νεῦρα
1970 3511 2074 3581 γὰρ
2115 3514 2151 3566 Ε

270 3591 336 3640 25
374 3585 404 3640 ὁ
443 3580 648 3656 χρυσός
683 3598 715 3639 ν

1899 3668 1973 3720 2*
