2646 3882
1026 258 1244 329 olymp.
1273 259 1353 315 IX
1388 266 1616 315 39—44
2198 260 2326 324 277

311 424 783 506 μαντευσόμενος
825 426 964 508 περί
1003 450 1179 500 τινος.
1269 426 1493 507 ἔφησεν
1538 418 1651 489 οὖν
1697 426 1857 512 αὐτῷ
1903 423 1941 507 ἡ
1995 428 2203 489 Πυθία
2248 426 2330 507 μὴ

305 520 584 594 παρεῖναι
628 514 732 576 τὸν
775 512 928 577 θεὸν
972 513 1122 596 μηδὲ
1157 517 1542 600 χρησμῳδεῖν.
1627 514 1927 597 ὀργισθεὶς
1962 513 2026 578 δὲ
2062 514 2159 577 ἐπὶ
2194 516 2330 579 τού-

305 627 387 688 τῳ
421 598 720 683 Ἡρακλῆς
764 602 988 685 ἥρπασε
1032 604 1138 666 τὸν
1183 604 1467 685 μαντικὸν
1511 606 1761 687 τρίποδα
1802 603 1904 666 καὶ
1956 603 2104 683 πρὸς
2148 602 2331 667 αὐτὸν

305 691 488 753 εἵλετο
544 691 658 771 τὴν
712 692 920 773 μάχην.
1010 693 1159 776 πρὸς
1223 691 1288 755 δὲ
1341 693 1445 755 τὸν
1490 690 1710 773 ’Ἁιδην
1772 692 1871 755 διὰ
1924 703 2113 755 τοῦτο.
2205 692 2331 754 ἐπι-

255 800 280 841 5
309 779 548 861 ταχθεὶς
593 780 706 863 γὰρ
750 779 868 843 ’ὑπὸ
916 791 1022 845 τοῦ
1068 780 1440 864 Εὐρυσθέως
1490 782 1597 845 τὸν
1642 778 1942 865 Κέρβερον
1986 782 2143 843 κύνα
2187 780 2331 863 ἀγα-

308 876 467 951 γεῖν,
531 863 653 931 εἶτα
717 870 1188 951 διακωλυόμενος
1244 870 1522 951 ἐτόλμησε
1586 870 1687 933 καὶ
1748 870 1897 953 πρὸς
1954 869 2059 932 τὸν
2095 866 2331 949 ”Αιδην.

308 960 378 1019 αἰ
433 956 498 1019 δὲ
558 959 736 1039 μάχαι
791 960 862 1020 αἰ
912 958 1062 1043 πρὸς
1121 960 1260 1033 τοὺς
1318 960 1505 1035 θεοὺς
1564 959 1633 1021 ἐν
1686 959 1953 1045 διαφόρῳ
2006 958 2196 1045 χρόνῳ
2251 964 2332 1044 τῷ

299 1043 584 1129 Ἡρακλεῖ
616 1047 944 1130 γεγόνασιν.

446 1140 605 1197 44a.
675 1145 819 1211 πῶς
876 1135 964 1198 ἂν
1016 1135 1463 1215 τριόδοντοςε
1537 1138 1704 1210 ἰδίως
1762 1135 1880 1199 κάν
1934 1138 2164 1210 τούτοις
2211 1134 2244 1198 ὁ
2285 1153 2541 1211 ueneno

230 1246 282 1287 ιο
309 1225 619 1305 Πίνδαρος
658 1222 946 1306 Ἡρακλέα
989 1227 1205 1309 γράφει
1248 1232 1373 1300 τοῖς
1417 1224 1569 1309 τρισὶ
1612 1232 1939 1306 πολεμῆσαι
1981 1231 2165 1299 θεοῖς.
2240 1226 2333 1287 δε-

311 1314 518 1376 δόσθω
561 1313 673 1395 γὰρ
719 1314 900 1399 αὐτῷ,
944 1333 1132 1395 φησιν
1180 1313 1213 1377 ὁ
1250 1316 1543 1395 Δίδυμος,
1585 1314 1723 1396 περὶ
1764 1314 1873 1394 τὴν
1919 1313 2037 1375 ὑπὸ
2079 1312 2335 1397 Νέστορι

309 1404 520 1465 Πύλον
567 1412 853 1483 συστῆναι
897 1403 1008 1483 τὴν
1051 1404 1275 1486 μάχην,
1322 1401 1583 1485 Ὁμήρου
1628 1403 1739 1483 τὴν
1784 1402 1849 1465 ἓν
1876 1399 2089 1465 ’Ἅιδου
2136 1404 2333 1482 πύλην

307 1492 538 1553 νεκύων
592 1493 785 1554 πύλον
838 1492 1149 1575 εἰρηκότος
1195 1486 1282 1576 (Ε
1326 1486 1515 1575 ‘397)·
1580 1491 1645 1555 ἐν
1708 1492 1875 1578 πύλῳ
1940 1491 2005 1555 ἐν
2068 1494 2335 1554 νεκύεσσι

308 1581 523 1662 βαλών.
614 1581 710 1660 εἴη
755 1575 811 1642 δ’
851 1579 931 1643 ἂν
985 1580 1018 1644 ὅ
1063 1582 1369 1658 Πίνδαρος
1422 1581 1493 1643 τὰ
1545 1581 1647 1644 καὶ
1700 1581 1901 1655 τόποις
1955 1580 2057 1643 καὶ
2100 1581 2336 1663 χρόνοις

229 1690 282 1732 15
311 1670 588 1731 διεστῶτα
624 1669 708 1743 εἰς
747 1668 854 1732 ἕνα
897 1670 1106 1752 καιρὸν
1141 1668 1304 1752 ἄγων
1342 1668 1513 1732 ἕνεκα
1549 1680 1654 1733 τοῦ
1693 1670 1969 1750 μειζόνως
2005 1668 2046 1750 ἢ
2084 1668 2164 1743 ὥς
2208 1668 2335 1751 ἔσχε

307 1764 435 1831 ταῖς
481 1757 790 1838 ἀληθείαις
845 1758 949 1821 τὸν
987 1756 1275 1841 Ἡρακλέα
1328 1758 1607 1821 ἐπαινεῖν.
1694 1755 2011 1821 Ἀπόλλωνι
2072 1757 2179 1839 μὲν
2223 1758 2335 1841 γὰρ

299 1842 596 1929 Ἡρακλῆς
643 1846 708 1909 ἐν
743 1852 1009 1909 Πυθῶνι
1052 1847 1188 1931 περὶ
1231 1858 1337 1910 τοῦ
1382 1849 1660 1931 τρίποδος
1706 1849 1965 1929 μάχεται,
2006 1843 2015 1931 Ι
2054 1852 2135 1933 τῷ
2154 1844 2332 1934 ’Ἅιδῃ
2367 1866 2401 1909 Α

311 1933 375 1998 δὲ
422 1934 514 1998 ὅτε
551 1935 656 1999 τὸν
692 1935 993 2020 Κέρβερον
1029 1936 1307 2020 ἀνήγαγε,
1336 1937 1673 2001 Ποσειδῶνι
1709 1935 1774 1999 δὲ
1816 1936 2105 2019 ἀμύνοντι
2133 1937 2333 2024 Πύλῳ.

445 2027 604 2086 4410.
670 2022 883 2099 άλλως·
939 2025 1088 2089 ἐπεὶ
1138 2025 1388 2090 ἀντίον
1433 2037 1603 2100 πῶςε
1658 2025 1785 2088 ἐπεὶ
1830 2027 1885 2088 εἰ
1925 2026 2009 2106 μὴ
2053 2025 2119 2087 ἐκ
2162 2033 2325 2088 θεῶν
2354 2043 2519 2098 oneo

230 2135 286 2174 xo
312 2111 534 2195 ’ὑπῆρχε
598 2113 669 2174 τὰ
731 2115 1006 2176 κάλλιστα
1067 2121 1192 2189 τοῖς
1254 2114 1634 2198 ἀνθρώποις,
1705 2115 1846 2176 πότε
1907 2113 1986 2176 ἂν
2049 2113 2337 2195 ἠδυνήθη

455 2307 595 2356 4-6
635 2301 750 2358 sch.
779 2302 882 2356 ΒΤ
921 2305 970 2356 Ε
998 2308 1102 2358 395
1249 2310 1314 2358 12
1355 2305 1547 2378 Βοὴ-Α
1585 2307 1635 2358 Ε
1665 2308 1766 2358 397

457 2502 484 2550 1
527 2496 774 2568 ἔφησε(ν)
814 2497 1032 2555 GDEss:
1073 2498 1183 2568 ἔφη
1222 2500 1306 2554 Βν
1469 2505 1500 2553 2
1538 2499 1601 2555 δὲ
1642 2498 1758 2555 Bc:
1799 2516 1905 2553 om.
1939 2497 2124 2554 DEssv
2162 2493 2263 2553 οὖν
2303 2500 2335 2553 b

311 2567 506 2623 Thom.
655 2575 686 2622 3
725 2567 756 2623 ὁ
788 2566 910 2638 Ἡρ.
942 2571 1028 2625 Βν
1182 2574 1214 2623 5
1251 2569 1360 2640 γὰρ
1398 2586 1506 2625 om.
1547 2571 1635 2625 00
1684 2572 1703 2639 ΙΙ
1747 2569 1858 2624 ὑπὸ
1894 2578 1993 2624 τοῦ
2033 2569 2168 2637 Ehe.
2207 2573 2339 2638 post

311 2640 545 2711 ἀγαγεῖν
585 2641 669 2695 Βν
713 2645 732 2708 ΙΙ
776 2640 887 2696 ὑπὸ
928 2642 1044 2697 BD:
1086 2639 1200 2696 ἀπὸ
1241 2640 1332 2697 ΕΩ
1384 2637 1523 2709 παρ’
1567 2643 1693 2712 (om.
1722 2644 1844 2712 τοῦ)
1883 2641 1920 2697 c
2075 2647 2108 2695 6
2148 2640 2336 2696 ἐπολέ-

309 2729 448 2780 μησε
487 2710 737 2766 Gedicke
771 2711 931 2766 Pindss
972 2729 1141 2767 carm.
1181 2711 1277 2766 sel.
1317 2729 1372 2780 p.
1403 2717 1471 2766 48
1627 2717 1656 2764 ’1
1696 2711 1998 2782 διαφόροις
2032 2711 2259 2784 χρόνοις
2296 2714 2334 2766 D

454 2786 485 2835 9
523 2782 560 2837 1.
601 2799 706 2836 om.
747 2784 785 2837 V
830 2783 1028 2853 (ἄλλως
1065 2783 1125 2854 ss)
1169 2785 1190 2853 ΙΙ
1233 2783 1344 2839 κάν
1388 2783 1608 2846 τούτοις
1641 2784 1711 2839 A:
1758 2784 2057 2839 κάνταῦθα
2095 2785 2133 2838 V
2179 2784 2337 2852 (κάν-

307 2857 514 2909 τεῦθεν
554 2855 610 2924 Ε)
758 2861 824 2909 10
859 2854 959 2909 τὸν
989 2852 1110 2924 εΗρ.
1150 2856 1188 2909 V
1215 2857 1235 2925 ΙΙ
1261 2852 1467 2924 γράφει
1503 2856 1570 2910 A:
1615 2855 1757 2924 φησὶ
1793 2856 1831 2909 V
1977 2860 2040 2907 11
2082 2855 2233 2928 αὐτῷ
2271 2856 2333 2909 V:

311 2925 487 2994 αὐτὴν
525 2926 569 2980 Α
613 2927 632 2994 ΙΙ
676 2925 788 2979 ὑπὸ
827 2926 1052 2994 scripsi:
1093 2925 1186 2980 ἐπὶ
1222 2927 1266 2981 Α
1319 2925 1432 2979 ὑπὸ
1468 2929 1546 2999 τῷ
1576 2927 1614 2980 V
1759 2931 1825 2978 12
1862 2925 2056 2980 Πύλον
2094 2927 2233 2994 (-ην)
2270 2926 2333 2979 V:

309 2996 481 3069 Πύλῳ
519 2997 563 3051 Α
589 2999 608 3066 n
636 3002 903 3065 συστῆναι
941 2998 1003 3051 V:
1043 3004 1243 3066 στῆναι
1279 2998 1323 3052 Α
1358 2998 1378 3066 ΙΙ
1413 2995 1516 3065 τὴν
1554 2995 1739 3068 μάχην
1774 2997 1843 3052 A:
1880 2996 1979 3052 τὸν
2016 2995 2258 3064 πόλεμον
2295 2997 2337 3050 V

457 3072 524 3120 13
562 3067 778 3123 νεκύων
813 3067 991 3122 πύλον
1028 3083 1134 3122 om.
1174 3069 1213 3122 V
1239 3070 1260 3137 ΙΙ
1287 3067 1575 3137 εἰρηκότος
1610 3069 1677 3124 A:
1718 3066 1974 3130 εἰπόντος
2009 3069 2048 3120 V
2167 3072 2234 3120 14
2264 3064 2337 3121 ἂν

310 3139 430 3194 AE:
470 3135 544 3194 ἂν
581 3147 688 3194 νῦν
727 3137 926 3194 01)Ηῦ
966 3141 995 3228 [ι
1028 3138 1100 3192 τὰ
1135 3139 1234 3192 καὶ
1269 3135 1467 3202 τόποις
1502 3156 1609 3193 om.
1640 3140 1684 3194 A
1848 3143 1913 3191 15
1952 3135 2204 3208 μείζονος
2239 3139 2283 3193 Α
2317 3135 2339 3208 ΙΙ

309 3206 346 3276 ἢ
369 3239 439 3250 -
462 3215 527 3262 16
566 3208 821 3264 ἐπαινεῖν
857 3210 925 3265 A:
963 3229 999 3278 η
1037 3207 1295 3281 ἐσχάταις
1332 3206 1630 3278 ἀληθείαις
1658 3209 1758 3264 τὸν
1788 3205 1909 3277 Ἡρ.
1942 3209 2087 3279 ἔχειν
2116 3211 2244 3278 (om.
2277 3208 2337 3278 G)

313 3279 570 3334 ἐπαινεῖν
609 3280 750 3337 GEU
801 3277 838 3349 ἢ
876 3280 986 3350 ἐσχ.
1028 3280 1172 3351 ἔχειν
1211 3280 1343 3350 (ἔχει
1379 3282 1433 3349 ν)
1468 3280 1569 3335 τὸν
1599 3277 1719 3348 Ἡρ.
1751 3280 1835 3335 ἐπ.
1874 3276 2173 3348 ἀληθείαις
2200 3279 2337 3333 fluv

313 3366 419 3405 om.
461 3352 498 3405 D
648 3357 714 3405 16
741 3347 1012 3408 Ἀπόλλων
1048 3354 1092 3408 Α
1126 3353 1146 3421 ΙΙ
1185 3350 1292 3421 γὰρ
1331 3368 1437 3405 om.
1477 3352 1521 3406 A
1667 3355 1733 3405 17
1772 3350 1803 3404 δ
1834 3347 1955 3417 ‘Ha
1986 3351 2025 3404 V
2060 3351 2079 3418 ΙΙ
2115 3349 2178 3404 ἐν
2213 3351 2336 3402 Πυ·

310 3425 420 3475 θοῖ
449 3423 491 3476 V
517 3423 536 3491 ΙΙ
571 3422 804 3493 μάχεται
837 3421 968 3490 περὶ
1001 3431 1102 3477 τοῦ
1137 3419 1407 3491 τρίποδος
1434 3424 1472 3477 V
1510 3422 1659 3492 (περὶ
1692 3429 1794 3476 τοῦ
1827 3440 1909 3489 τρ.
1949 3437 2055 3474 om.
2086 3421 2163 3488 D),
2204 3417 2331 3471 add.

311 3492 417 3547 οὐκ
454 3492 684 3561 ἀμύνων
720 3501 786 3564 τῇ
818 3493 990 3566 Πύλῳ
1153 3499 1220 3548 18
1256 3496 1615 3549 Ποσειδῶνας
1657 3494 1688 3548 h
1864 3498 1929 3544 19
1978 3489 2173 3549 ἄλλωςε
2214 3485 2335 3539 ἐπεὶ

311 3559 511 3619 ἀντίον
547 3573 667 3627 πῶς
704 3566 819 3620 En:
869 3565 989 3620 ἐπεὶ
1026 3561 1224 3620 ἀντίον
1263 3568 1302 3621 Β
1358 3564 1535 3626 ἄλλως
1571 3563 1612 3620 ss
1648 3580 1755 3618 om.
1796 3563 1834 3617 D
2015 3563 2083 3611 20
2120 3557 2333 3623 ὑπῆρχε

311 3651 443 3705 ego:
482 3633 720 3705 ὑπάρχει
747 3637 766 3705 ΙΙ
791 3635 948 3708 πότε]
986 3635 1172 3692 πόθεν
1208 3636 1383 3690 Lehrs
1419 3654 1472 3705 p.
1504 3640 1572 3688 26
