2646 3882
1050 152 1268 222 olymp.
1297 152 1351 207 V
1387 159 1614 208 20-29
2213 154 2336 218 147

314 313 615 433 Ἀχελῷον
638 327 765 394 ταῖς
806 313 1069 402 Εχινάσι
1110 320 1318 400 νησοις
1362 319 1464 382 καὶ
1508 320 1612 381 τὸν
1652 323 1875 382 Νεῖλον
1919 330 1990 406 τῇ
2028 322 2338 404 Αἰγύπτῳ

316 413 497 494 κολλᾷ
544 402 656 472 οὖν
702 408 835 472 ἀντὶ
878 419 983 472 του
1037 410 1550 492 προσαναπλάσσει
1593 418 1725 492 γῆν.
1814 418 1986 470 τοῦτο
2044 407 2109 470 δέ
2153 427 2341 489 φησιν

320 496 353 559 ὅ
399 471 669 578 Δίδυμος
728 497 1064 580 ἀμάρτυρον
1124 493 1301 560 εἶναι·
1368 497 1442 561 οὐ
1503 497 1615 580 γὰρ
1680 499 1989 578 ἱστορεῖται
2045 498 2178 580 περὶ
2235 498 2339 560 τὸν

302 583 587 670 Ἵππαριν
622 586 722 649 καὶ
756 587 867 667 τὴν
904 589 1257 670 Καμάριναν
1291 597 1464 649 τοῦτο
1500 587 1966 669 γενόμενον·οὐ
2002 585 2112 700 γὰρ
2147 593 2339 667 πλημ-

267 697 292 738 5
322 677 481 761 μύρα
526 685 731 758 χρῆται
778 675 809 738 ὁ
854 676 1117 757 ποταμὸς
1160 674 1647 757 καταφερόμενος.
1730 675 1958 757 βέλτιον
2005 667 2116 737 οὖν
2153 677 2339 750 οὕτως

316 763 493 838 τινές·
556 764 763 844 ἐπειδὴ
815 766 876 840 ἐξ
930 766 1227 848 ὑπογυίου
1282 782 1638 850 συνωκισται
1690 762 1729 844 ἡ
1778 766 2121 846 Καμάρινα,
2175 765 2340 827 καθα

316 853 417 915 καὶ
460 852 696 916 νέοικον
740 855 927 934 αὐτὴν
972 855 1436 937 προσηγόρευσε,
1490 860 1711 939 γειτνιᾷ
1757 852 1821 915 δὲ
1848 850 2125 935 Ἵππαρις
2163 854 2340 969 amris),

316 966 465 1005 κατα
508 953 683 1005 τοῦτο
730 945 920 1022 φάναι
963 943 1059 1005 ἐπι
1103 953 1210 1006 τοῦ
1266 953 1653 1022 συνοικισμοῦ
1703 948 2031 1004 κολλᾶσθαι
2074 937 2179 1003 ὑπ’
2230 944 2339 1005 αυ-

317 1041 421 1094 τοῦ
478 1033 732 1094 σταδίων
788 1032 1077 1112 θαλάμων
1138 1030 1354 1114 ταχέως
1415 1031 1762 1114 ὑψίπυργον
1823 1030 2026 1109 άλσος,
2089 1029 2215 1094 ἐπεὶ
2267 1031 2339 1093 τὰ

237 1142 291 1182 10
318 1120 617 1200 ἕπιτηδεια
660 1120 807 1203 πρὸς
862 1120 972 1201 τὴν
1028 1120 1352 1202 οἰκοδομὴν
1408 1119 1507 1182 διὰ
1556 1131 1657 1182 τοῦ
1712 1121 2012 1182 κατάπλου
2057 1139 2358 1202 προσεκο-·.

317 1210 507 1289 μίζετο
555 1209 699 1272 ὥστε
742 1216 938 1272 ποιεῖν
982 1211 1259 1284 σταδίους
1304 1211 1634 1290 θαλάμους.

454 1303 605 1360 270.
653 1295 1006 1382 ‘':Iwwocptg
1050 1299 1316 1410 ποταμὸς
1361 1292 1534 1372 οὗτος
1577 1297 1643 1360 ἐν
1669 1299 2002 1384 Καμαρίνῃ.
2075 1297 2195 1360 ἔστι
2241 1297 2305 1360 δὲ
2339 1315 2548 1374 coeno

317 1387 501 1450 αὐτοῦ
546 1399 653 1451 τοῦ
700 1389 987 1470 ῥεύματος
1046 1389 1107 1450 τὸ
1155 1386 1262 1467 μέν
1306 1411 1363 1449 τι
1407 1388 1626 1468 γλυκὺ,
1673 1386 1738 1449 τὸ
1787 1385 1851 1448 δὲ
1897 1385 2184 1470 ἁλμυρόν
2244 1387 2336 1450 διὸ

315 1476 416 1538 καὶ
460 1475 565 1538 τὸν
609 1478 921 1559 Πίνδαρον
966 1476 1261 1560 εἰρηκέναι
1316 1477 1570 1556 σεμνους
1615 1474 1850 1558 ὄχετους
1897 1475 2336 1540 ἀναστέλλοντα.

234 1586 286 1627 15
450 1569 607 1627 29a.
672 1571 888 1652 κολλᾷ
938 1589 1008 1628 τε
1063 1567 1397 1628 σταδίων·
1452 1558 1521 1627 ευ
1575 1564 1852 1628 ἑστώτων.
1926 1564 2192 1648 ἓδραίων.
2338 1582 2546 1640 coeno

314 1656 370 1714 b.
420 1653 507 1715 ὅτι
552 1655 963 1736 προσχώννυσι
1007 1655 1107 1717 και
1150 1655 1515 1738 προστίθησί
1554 1678 1686 1716 τινα
1730 1663 1800 1740 τῇ
1845 1655 2012 1716 πόλει
2054 1665 2186 1736 γῆν.

316 1765 364 1806 c.
408 1748 587 1829 κολλᾷ
634 1737 749 1806 οὖν
788 1743 919 1806 ἀντὶ
953 1754 1083 1806 τοῦ
1097 1745 1626 1826 προσαναπλάσσει.
1769 1715 1827 1803 ‘d.
1875 1743 1938 1805 τὸ
1979 1741 2041 1805 δὲ
2081 1745 2334 1806 σταδίων

314 1833 604 1912 θαλάμων
648 1831 824 1906 ἄλσος
869 1832 1002 1895 ἀντὶ
1044 1843 1151 1896 τοῦ
1196 1834 1347 1915 πρὸς
1397 1832 1722 1913 οἰκοδομὴν
1767 1831 2098 1911 ἐπιτήδειον
2137 1834 2334 1895 οικων.

452 1925 605 1984 290.
667 1920 881 1996 ἄλλως·
936 1926 1151 2009 κολλᾷ
1205 1946 1273 1984 τε
1330 1922 1662 1984 σταδίων.
1718 1914 2090 2004 Ἀρίσταρχός
2145 1939 2334 2003 φησιν
2364 1938 2531 1996 ceno

234 2033 288 2073 20
316 2011 447 2073 ι’λὺν
500 2010 852 2093 καταφέρειν
905 2012 1008 2074 τὸν
1045 1985 1328 2094 Ἵππαριν
1383 2010 1464 2085 ὥς
1523 2011 1624 2073 καὶ
1675 2010 1779 2072 τὸν
1834 2014 2085 2073 Νεῖλον·
2154 2012 2218 2073 ἐκ
2273 2009 2336 2073 δὲ

312 2110 417 2181 τῆς
464 2100 625 2174 ἰλύος
668 2101 1206 2175 κατασκευάζεσθαί
1246 2119 1436 2180 φησιν
1489 2098 1664 2179 ἄλση·
1718 2100 1940 2180 κυρίως
1991 2100 2103 2181 γὰρ
2150 2098 2329 2162 ἀκού-

312 2196 487 2250 εσθαι
532 2189 603 2251 τὰ
646 2187 814 2269 ἄλση.
904 2190 1016 2252 οὑκ
1060 2189 1179 2252 ἔστι
1232 2188 1327 2269 δὲ,
1381 2183 1504 2250 ἀλλ’
1547 2188 1803 2270 ὑψίγυια
1854 2186 2006 2267 ἄλση
2050 2188 2191 2262 τοὺς
2238 2189 2324 2250 οἴ-

312 2301 457 2352 κους
512 2278 663 2358 φησὶ
715 2278 875 2360 παρὰ
918 2279 984 2340 τὸ
1038 2277 1275 2340 ἑστάναι
1330 2276 1410 2351 ὡς
1463 2277 1534 2339 τὰ
1589 2276 1757 2357 ἄλση.
1900 2280 1941 2337 f,
1995 2276 2174 2352 ἄλσος
2230 2275 2294 2338 δὲ
2331 2294 2537 2352 coeno

312 2368 630 2447 θαλάμων,
674 2367 739 2429 τὸ
784 2373 1020 2447 πλῆθος
1066 2377 1183 2429 τῶν
1230 2368 1442 2447 οίκων,
1497 2364 1792 2428 τουτέστιν
1838 2366 2028 2445 αὐτὴν
2072 2366 2181 2445 τὴν
2226 2365 2334 2428 πό-

230 2477 285 2518 25
312 2461 428 2536 λιν,
468 2450 478 2539 Ι
518 2454 656 2517 ὡσεὶ
699 2456 853 2537 ελεγε
899 2454 1160 2538 δένδρων
1206 2455 1399 2529 ἄλσος.
1484 2456 1736 2518 σταδίων
1783 2452 1848 2516 δὲ
1895 2450 2024 2517 οἷον
2061 2454 2329 2537 ἓδραίων.
2361 2472 2526 2529 neno

404 2567 460 2625 g.
509 2544 541 2607 ὃ
586 2537 699 2607 ουν
731 2542 1005 2621 Ἵππαρις
1060 2550 1239 2608 κολλᾶ
1292 2545 1394 2607 καὶ
1445 2546 1840 2627 προστίθησιν
1895 2542 1993 2606 ἐπὶ
2045 2554 2116 2630 τῇ
2171 2544 2337 2607 πόλει

313 2635 454 2707 τοὺς
510 2635 853 2714 θαλάμους,
906 2633 1065 2696 καθὸ
1122 2632 1201 2695 δι’
1244 2634 1428 2696 αὐτοῦ
1484 2634 1882 2745 εἰσκομίζεται,
1918 2632 1986 2695 τα
2031 2634 2180 2716 πρὸς
2225 2633 2335 2713 τὴν

312 2722 683 2801 κατασκευὴν
742 2722 1196 2804 ὑπουργήματα,
1270 2722 1372 2785 καὶ
1434 2722 1532 2784 διὰ
1590 2733 1764 2785 τοῦτο
1823 2722 2009 2796 αι’τιος
2068 2732 2174 2786 τοῦ
2233 2722 2335 2796 τὰς

315 2813 507 2885 οἰκίας
550 2813 1101 2885 κατασκευάζεσθαι.
1191 2812 1489 2894 μεσόγειος
1533 2812 1644 2894 γάρ
1690 2811 1847 2874 ἐστιν
1891 2808 1930 2890 ἡ
1977 2812 2152 2893 χώρα.

452 3043 487 3091 8
524 3044 887 3106 συνοικισμοῦ
925 3038 984 3092 b.
1023 3044 1370 3104 συνωκισμοῦ
1587 3041 1619 3089 9
1635 3032 1937 3127 ὑψίγυιον
1975 3033 2046 3104 ej.
2087 3038 2119 3090 b

316 3112 478 3162 10.11
518 3106 943 3178 προσεκομίζετο
984 3109 1041 3163 b:
1079 3125 1342 3176 προεκομ.
1489 3112 1555 3161 12
1595 3101 1758 3171 οὗτος
1795 3108 2032 3161 0111.οΕ
2076 3109 2098 3176 ΙΙ
2137 3110 2334 3175 Καμα-

313 3176 443 3253 ρίνᾳ
482 3182 517 3235 Ε
684 3184 751 3235 13
788 3180 939 3254 αὐτῷ
970 3179 1007 3235 0
1172 3184 1237 3232 14
1274 3178 1375 3233 τὸν
1411 3195 1517 3232 om.
1559 3176 1641 3234 (lv
1805 3183 1870 3233 16
1909 3177 2024 3232 sch.
2061 3177 2099 3231 b
2137 3180 2267 3246 post
2303 3193 2334 3231 o

310 3252 417 3319 trp-
456 3250 494 3307 0
641 3256 705 3305 17
746 3258 885 3319 γοῦν
904 3234 1005 3307 ssv
1050 3253 1069 3317 ΙΙ
1112 3248 1596 3318 προσαναπλάττει
1634 3251 1726 3305 ΒΗ
1885 3254 1950 3302 19
1991 3248 2166 3311 ἄλλως
2202 3251 2259 3302 et
2294 3246 2331 3301 1.

311 3338 416 3376 om.
449 3322 486 3378 0
632 3327 697 3375 21
738 3321 871 3375 ante
907 3318 1111 3389 κυρίως
1144 3320 1251 3375 lac.
1292 3323 1420 3376 stat.
1456 3321 1626 3387 Hom,
1667 3337 1838 3389 quam
1876 3337 1909 3375 ο
1941 3337 2083 3374 rece.
2125 3319 2204 3373 sic
2241 3335 2334 3372 ex-

308 3391 509 3461 plevit:
530 3390 847 3465 (ὑψίγυιον
876 3392 1041 3457 ἄλσος
1064 3392 1136 3447 τὰ
1165 3391 1375 3462 μεγάλα
1401 3393 1500 3446 καὶ
1526 3392 1716 3462 ὑψηλὰ
1737 3393 1874 3459 ξύλα
1901 3390 2060 3461 λέγει.
2070 3389 2109 3462 >
2129 3386 2334 3456 κυρίως

309 3463 416 3534 γὰρ
465 3462 649 3537 (δεῖ)
695 3465 784 3518 ἀκ.
830 3466 942 3518 κτλ.
1124 3469 1192 3517 23
1240 3464 1382 3533 φασὶ
1419 3462 1501 3520 (lv
1548 3464 1704 3534 (corr.
1745 3462 1918 3533 Beck)
2101 3466 2169 3513 26
2217 3457 2328 3523 ἐπὶ]

308 3536 440 3605 περὶ
474 3550 509 3590 ν
654 3539 720 3588 27
758 3534 860 3604 τὴν
898 3551 1005 3591 om.
1047 3534 1175 3592 Essv

1909 3617 2012 3672 10*
