2646 3882
345 197 476 262 242
1239 198 1465 253 Scholia

153 384 324 441 81)εο
489 368 567 424 21
595 364 648 424 d.
721 364 1169 446 πρόφαντον·
1230 361 1726 442 Ἀλκιμέδοντα
1786 363 1885 426 δέτ
1953 362 2014 426 σὲ
2075 362 2183 445 μὲν
2242 363 2370 426 ἔπι-

350 461 516 532 φανῆ
569 452 671 514 καὶ
725 453 970 529 ἔνδοξον
1026 452 1057 515 6
1104 455 1256 527 Ζεὺς
1310 452 1377 515 ἐν
1422 464 1491 539 τῇ
1538 453 1738 538 Νεμέᾳ
1791 455 2104 533 πεποίηκε,
2154 453 2257 517 τὸν
2303 452 2370 515 δὲ

349 536 756 621 Ἀλκιμέδοντα
796 537 1254 623 Ὀλυμπιονίκην
1298 542 1365 604 ἐν
1411 548 1491 628 τῷ
1534 544 1773 629 Κρονίῳ
1816 535 1997 629 λόφφ.

291 655 323 698 Α
487 634 587 692 22.
653 631 938 712 Κρόνου
983 630 1200 717 λόφῳι
1244 642 1313 715 τῇ
1346 628 1561 693 ”Ham
1618 632 1681 693 ot
1720 628 1783 693 δὲ
1830 631 1918 693 ὅτι
1962 630 2085 693 ὑπὸ
2126 630 2191 693 τὸ
2231 630 2369 712 ὄρος

348 718 538 781 έκεῖνο
583 719 817 801 Κρόνος
863 721 1107 802 ἵδρυται.
2424 743 2450 782 5

140 829 346 887 BanQ
486 812 569 869 24
589 828 643 869 a.
708 802 794 888 ἦν
843 803 899 868 δ’
932 807 1184 890 ἐσορᾶν
1229 808 1467 882 καλόςι
1520 806 1700 881 καλὸς
1743 806 1853 890 μὲν
1898 802 1975 889 ἦν
2017 809 2118 870 καὶ
2164 805 2366 888 ὀφθῆ-

347 921 449 959 ναι
504 895 535 958 6
586 890 966 977 Ἀλκιμέδων,
1028 897 1099 959 οὐ
1154 893 1481 983 κατῄσχυνε
1537 895 1599 959 δὲ
1654 896 1716 959 τὸ
1772 891 1927 970 εἶδος
1981 904 2105 970 τοῖς
2158 896 2367 979 ἔργοις.

351 984 670 1067 ἀνεκήρυξε
728 983 839 1067 γὰρ
906 985 1016 1065 τὴν
1069 986 1327 1068 Αἴγιναν
1395 985 1505 1065 τὴν
1563 984 1850 1065 ναυτικὴν
1912 985 2204 1068 κρατήσας
2268 986 2368 1047 καὶ

350 1074 598 1154 νικήσας
644 1074 816 1157 πάλῃ.

294 1187 326 1230 Α
489 1166 570 1225 25
592 1184 644 1225 a.
710 1162 792 1225 οὗ
846 1162 1015 1224 κατὰ
1071 1157 1264 1237 εἶδος
1316 1162 1639 1245 έλέγχωνε
1693 1169 1773 1248 τῷ
1828 1173 1930 1243 τῆς
1980 1164 2187 1243 πάλης.
2396 1186 2450 1225 ιο

348 1253 405 1313 b.
457 1250 722 1329 [ἄλλους’]
770 1250 880 1331 τὴν
925 1252 1278 1333 εὐμορφίαν,
1321 1252 1387 1313 τὸ
1433 1247 1612 1331 εἶδος,
1659 1252 1731 1315 οὐ
1775 1250 2144 1334 κατελέγχων.
2220 1250 2251 1313 6
2300 1250 2365 1313 δὲ

331 1338 594 1422 Ὅμηρος
643 1334 704 1422 (ρ
743 1334 902 1423 454)
948 1339 1014 1402 ἐκ
1059 1350 1163 1402 τοῦ
1210 1340 1505 1403 ἐναντίου’
1564 1342 1675 1405 οὐκ
1727 1338 1844 1422 ἄρα
1897 1342 1996 1402 σοί
2043 1364 2107 1423 γε
2154 1339 2368 1423 φρένες

349 1423 502 1509 ἦσαν
545 1428 646 1489 καὶ
690 1423 864 1502 εἶδος.

292 1542 324 1585 Α
486 1520 566 1578 26
590 1538 643 1579 a.
710 1516 1012 1591 έξένεπεε
1076 1516 1571 1599 ἀνακηρυχθῆναι
1634 1517 1925 1597 ἐποίησεν.
2085 1520 2141 1581 b.
2210 1518 2361 1597 [καὶ]

352 1604 706 1687 ἀνεκήρυξεν
759 1604 970 1667 ἑαυτὸν
1015 1605 1347 1687 Αἰγινήτην
1402 1616 1471 1691 τῇ
1521 1607 1677 1693 πάλῃ
1728 1606 1879 1685 [καὶ]
1929 1607 2223 1689 κρατήσας
2266 1608 2365 1669 καὶ
2399 1630 2451 1669 15

351 1694 613 1773 νικήσας.
759 1715 807 1755 ο.
863 1695 1376 1777 δολιχήρετμον
1431 1692 1494 1756 δὲ
1540 1694 1647 1774 τὴν
1692 1696 1979 1777 Λῗὸιιναν,
2036 1696 2124 1758 ὅτι
2167 1720 2367 1758 ναυτι-

349 1782 444 1844 κοὶ
489 1783 553 1844 οἱ
591 1783 925 1865 Αἰγινῆται·
983 1781 1063 1856 ὡς
1108 1783 1208 1845 καὶ
1259 1782 1326 1845 ἐν
1372 1790 1449 1867 τῷ
1498 1788 1770 1869 Περσικῷ
1829 1784 2062 1872 πολέμῳ
2108 1786 2369 1867 δεύτεροι

345 1866 685 1951 Ἀθηναίων
731 1870 1082 1954 εὑρέθησαν.

142 1988 348 2044 31:020
486 1964 566 2021 26
589 1962 643 2021 d.
708 1958 989 2036 ἐξένεπε
1034 1960 1372 2043 κρατέωνε
1422 1961 1523 2041 έξη
1562 1960 1815 2043 όρευσεν.
1953 1985 2002 2025 e.
2048 1962 2365 2045 ἀνεκήρυξε

349 2050 458 2130 τὴν
501 2051 788 2128 ναυτικὴν
832 2051 1104 2132 Αἴγιναν.
1186 2047 1463 2125 Ἡσίοδος
1540 2053 1613 2110 fr.
1655 2056 1799 2128 100,
1832 2049 1929 2131 6)·
2393 2075 2453 2115 20

615 2160 676 2220 οἳ
718 2156 794 2236 δή
837 2180 927 2219 τοι
970 2166 1204 2240 πρῶτον
1248 2159 1457 2232 τεῦξαν
1501 2156 1640 2231 νέας
1686 2156 2089 2239 ἀμφιελίσσας,

615 2255 831 2327 πρῶτοι
877 2239 934 2306 δ’
967 2247 1119 2308 ἱστία
1163 2246 1353 2330 θέσαν
1397 2244 1545 2319 νεὼς
1591 2246 1772 2328 πτερὰ
1816 2248 2228 2329 ποντοπόροιο.

292 2383 324 2426 A
485 2355 566 2413 28
589 2373 639 2414 a.
706 2351 883 2414 ἔνθα
928 2353 1244 2434 σώτειρατ
1289 2352 1355 2414 ἐν
1401 2363 1471 2438 τῇ
1517 2353 1737 2438 Αἰγίνῃ
1796 2352 2052 2415 ἀσκεῖται
2094 2351 2133 2433 ἡ
2188 2352 2369 2434 Θέμις

492 2540 604 2593 sch.
637 2539 766 2593 24b.
823 2541 929 2594 lex.
959 2540 1125 2594 Vind.
1160 2547 1278 2607 111,
1309 2546 1401 2595 16:
1448 2540 1651 2604 καλὸς
1687 2540 1717 2594 ὁ
1756 2539 1991 2610 ἀγαθός.
2066 2542 2163 2596 καὶ
2199 2543 2371 2604 καλὸς

351 2609 623 2736 δωῶραέρὲ
644 2653 655 2665 .
679 2653 797 2737 'mv‘
861 2608 1173 2679 Πίνδαρος·
1211 2605 1283 2681 ἦν
1321 2609 1377 2667 δ’
1413 2612 1613 2681 ἐσορᾶν
1651 2613 1817 2675 καλὸς
1853 2613 1991 2685 ἔργῳ
2028 2610 2081 2667 τ’
2116 2614 2184 2668 οὐ
2221 2613 2367 2668 κατὰ

352 2700 377 2735 ε
439 2701 559 2805 0320
597 2702 656 2806 εξ
699 2795 708 2805 .
738 2725 898 2806 fiam.
931 2759 978 2820 3,
1000 2759 1064 2807 21
1105 2755 1177 2823 (p.
1212 2758 1277 2806 79
1306 2753 1448 2822 Ab.).
1507 2753 1732 2808 Tzetzes
1770 2755 1844 2808 ad
1879 2755 2008 2824 Lyc.
2042 2761 2143 2810 176

495 2936 522 2983 1
545 2947 664 2998 sqq.
704 2931 816 2984 sch.
839 2931 955 2984 21d
991 2946 1174 3000 praec.
1214 2947 1408 3001 praem
1464 2932 1542 2986 hb
1670 2937 1700 2984 3
1738 2932 1917 3006 λόφῳ]
1953 2936 2028 3003 τῷ
2064 2931 2219 3005 λόφῳ
2259 2934 2295 2987 Ε

352 3007 384 3056 6
411 3000 448 3054 l.
470 3018 576 3055 om.
599 3004 636 3058 D
666 3005 684 3072 ΙΙ
711 2995 783 3070 ἦν
804 3001 944 3074 (alt.)
966 3003 1030 3057 B:
1063 2998 1164 3058 οὖν
1186 3002 1326 3059 GDE
1354 3019 1458 3055 om.
1481 3001 1523 3059 ss
1549 3004 1568 3071 ΙΙ
1596 3003 1693 3056 καὶ
1720 3020 1826 3056 om.
1850 3005 1926 3058 hb
2043 3008 2072 3056 7
2100 3003 2163 3057 τὸ
2193 2998 2367 3075 εἶδος]

350 3081 513 3126 τοῦτο
552 3075 589 3129 D
745 3077 778 3126 8
814 3071 1018 3142 Αἴγινα
1060 3075 1096 3128 Ε
1260 3079 1327 3127 10
1373 3070 1498 3128 κατ’
1532 3068 1683 3137 εἶδος
1725 3076 1744 3145 ΙΙ
1786 3082 1885 3128 τοῦ
1922 3082 2020 3144 τῆς
2053 3073 2291 3143 πλάνηςε
2334 3078 2365 3128 b

494 3149 558 3196 11
597 3142 770 3205 ἄλλως
807 3143 991 3198 delevi
1016 3145 1035 3214 ΙΙ
1065 3143 1446 3214 συμμορφίανε
1487 3146 1519 3200 b
1547 3147 1567 3215 ΙΙ
1591 3153 1691 3199 τοῦ
1730 3144 1917 3207 εἴδους
1954 3147 1985 3200 b
2098 3151 2266 3200 1213
2306 3141 2361 3213 γ’

353 3212 444 3267 ἐπὶ
481 3212 620 3268 εἴδεϊ
653 3215 750 3267 καὶ
787 3213 988 3283 φρένες
1023 3208 1168 3284 ἦσαν
1207 3216 1365 3269 codd.
1404 3216 1565 3270 Hom.
1710 3223 1776 3271 14
1814 3214 2066 3281 ἐξέννεπε
2093 3219 2112 3286 ΙΙ
2139 3216 2236 3270 καὶ
2272 3215 2367 3269 de-

351 3282 461 3336 levi
607 3290 671 3338 15
709 3286 805 3338 καὶ
843 3302 949 3340 om.
983 3288 1014 3341 b
1161 3291 1226 3340 19
1267 3284 1519 3352 ἐξέννεπε
1558 3289 1597 3342 Β
1625 3289 1644 3357 ΙΙ
1673 3286 2037 3378 ἐξήγόρευσας
2072 3289 2130 3341 eb
2167 3285 2367 3354 ἀνεκή-

354 3353 523 3421 ρυξας
552 3355 591 3408 Β
702 3361 766 3409 21
807 3356 879 3423 δή
904 3375 992 3410 τοι
1022 3356 1273 3415 cDuTz.
1301 3358 1415 3412 sch.
1435 3358 1621 3412 Nem.:
1652 3355 1709 3412 δ’
1733 3357 1856 3425 η’τοι
1886 3358 2024 3414 ΒΕΕ
2064 3355 2119 3414 δ’
2144 3352 2268 3427 ἦτοι
2296 3358 2367 3428 ΙΙΙ]

352 3431 571 3491 πρῶτον
593 3425 788 3481 DEflss
816 3427 929 3481 sch.
958 3427 1142 3482 Nem.:
1182 3438 1391 3497 πρῶτοι
1420 3429 1537 3496 Βθς
1573 3430 1872 3498 ubrumque
1902 3429 2060 3483 codd.
2091 3427 2328 3483 Tzetzae
2348 3429 2367 3501 Η

351 3494 547 3559 ζεῦξαν
594 3494 706 3549 sch.
742 3495 900 3550 Nem.
945 3501 965 3567 ΙΙ
1009 3507 1149 3568 νῆας
1190 3501 1229 3554 Β
1275 3502 1294 3569 ΙΙ
1340 3499 1644 3569 ἀμφιέλσας
1681 3502 1717 3555 Ε
1905 3505 1971 3553 22
2018 3499 2199 3555 θέσαν
2247 3517 2367 3554 cor-

351 3566 604 3634 ruptum3
639 3565 852 3622 θέσσαν
891 3583 918 3623 Ι·
943 3571 964 3638 ΙΙ
989 3569 1126 3633 νεὼς
1161 3586 1351 3624 omnes
1390 3571 1583 3642 (efiiam
1621 3570 1681 3641 G)
