<?xml version="1.0" encoding="UTF-8"?>
<!DOCTYPE html PUBLIC "-//W3C//DTD XHTML 1.0 Transitional//EN"
    "http://www.w3.org/TR/xhtml1/DTD/xhtml1-transitional.dtd">
<html xmlns="http://www.w3.org/1999/xhtml" xml:lang="en" lang="en">
 <head>
  <title>
</title>
<meta http-equiv="Content-Type" content="text/html;charset=utf-8" />
  <meta name='ocr-system' content='tesseract 3.04.00' />
  <meta name='ocr-capabilities' content='ocr_page ocr_carea ocr_par ocr_line ocrx_word'/>
</head>
<body>
  <div class='ocr_page' id='page_1' title='image "./scholiaveterain00dracgoog_0068.png"; bbox 0 0 2646 3882; ppageno 0'>
   <div class='ocr_carea' id='block_1_1' title="bbox 317 215 1444 282">
    <p class='ocr_par' dir='ltr' id='par_1_1' title="bbox 317 215 1444 282">
     <span class='ocr_line' id='line_1_1' title="bbox 317 215 1444 282; baseline -0.011 0"><span class='ocrx_word' id='word_1_1' title='bbox 317 217 402 282; x_wconf 88' lang='grc'><strong><em>38</em></strong></span> <span class='ocrx_word' id='word_1_2' title='bbox 1217 215 1444 271; x_wconf 78' lang='lat' dir='ltr'><strong>Scholia</strong></span> 
     </span>
    </p>
   </div>
   <div class='ocr_carea' id='block_1_2' title="bbox 107 378 2434 1906">
    <p class='ocr_par' dir='ltr' id='par_1_2' title="bbox 126 378 2348 644">
     <span class='ocr_line' id='line_1_2' title="bbox 126 378 2348 470; baseline 0.001 -27"><span class='ocrx_word' id='word_1_3' title='bbox 126 400 243 444; x_wconf 75' lang='grc' dir='ltr'><strong><em>ΑΕΗ</em></strong></span> <span class='ocrx_word' id='word_1_4' title='bbox 257 401 291 457; x_wconf 73' lang='lat' dir='ltr'>Q</span> <span class='ocrx_word' id='word_1_5' title='bbox 319 383 741 465; x_wconf 76' lang='grc' dir='ltr'><strong><em>ἕπαιωρεῖσθαι</em></strong></span> <span class='ocrx_word' id='word_1_6' title='bbox 791 389 872 470; x_wconf 79' lang='grc' dir='ltr'><strong><em>τῷ</em></strong></span> <span class='ocrx_word' id='word_1_7' title='bbox 929 384 1206 470; x_wconf 76' lang='grc' dir='ltr'><strong><em>Ταντάλῳ</em></strong></span> <span class='ocrx_word' id='word_1_8' title='bbox 1269 379 1498 466; x_wconf 77' lang='lat' dir='ltr'><strong>(Aleae.</strong></span> <span class='ocrx_word' id='word_1_9' title='bbox 1544 387 1615 444; x_wconf 88' lang='lat' dir='ltr'><strong><em>fr.</em></strong></span> <span class='ocrx_word' id='word_1_10' title='bbox 1668 378 1807 468; x_wconf 87' lang='lat'>93)·</span> <span class='ocrx_word' id='word_1_11' title='bbox 1858 378 1866 466; x_wconf 89' lang='grc' dir='ltr'>Ι</span> <span class='ocrx_word' id='word_1_12' title='bbox 1924 389 2161 444; x_wconf 80' lang='grc' dir='ltr'><strong><em>κεῖσθαι</em></strong></span> <span class='ocrx_word' id='word_1_13' title='bbox 2224 383 2348 465; x_wconf 81' lang='grc' dir='ltr'><strong><em>πὰρ</em></strong></span> 
     </span>
     <span class='ocr_line' id='line_1_3' title="bbox 316 466 2345 556; baseline -0 -22"><span class='ocrx_word' id='word_1_14' title='bbox 316 478 575 551; x_wconf 85' lang='grc' dir='ltr'><strong><em>κεφαλᾶς</em></strong></span> <span class='ocrx_word' id='word_1_15' title='bbox 620 471 829 554; x_wconf 76' lang='grc' dir='ltr'><strong><em>μέγας,</em></strong></span> <span class='ocrx_word' id='word_1_16' title='bbox 884 466 932 535; x_wconf 83' lang='grc' dir='ltr'>ὦ</span> <span class='ocrx_word' id='word_1_17' title='bbox 966 474 1286 553; x_wconf 80' lang='grc' dir='ltr'><strong><em>Αἰσιμίδα,</em></strong></span> <span class='ocrx_word' id='word_1_18' title='bbox 1334 473 1534 546; x_wconf 85' lang='grc' dir='ltr'><strong><em>λίθος·</em></strong></span> <span class='ocrx_word' id='word_1_19' title='bbox 1592 470 1624 534; x_wconf 84' lang='grc' dir='ltr'>ὁ</span> <span class='ocrx_word' id='word_1_20' title='bbox 1672 470 1737 534; x_wconf 80' lang='grc' dir='ltr'><strong><em>δὲ</em></strong></span> <span class='ocrx_word' id='word_1_21' title='bbox 1768 466 2021 552; x_wconf 86' lang='grc' dir='ltr'><strong><em>Ἀλκμάν</em></strong></span> <span class='ocrx_word' id='word_1_22' title='bbox 2060 467 2159 556; x_wconf 76' lang='lat' dir='ltr'>(fir.</span> <span class='ocrx_word' id='word_1_23' title='bbox 2202 466 2345 556; x_wconf 80' lang='lat'>87)-</span> 
     </span>
     <span class='ocr_line' id='line_1_4' title="bbox 319 554 2347 644; baseline -0.001 -20"><span class='ocrx_word' id='word_1_24' title='bbox 319 563 478 636; x_wconf 79' lang='grc' dir='ltr'><strong><em>ὅπως</em></strong></span> <span class='ocrx_word' id='word_1_25' title='bbox 523 560 676 644; x_wconf 82' lang='grc' dir='ltr'><strong><em>ἀνὴρ</em></strong></span> <span class='ocrx_word' id='word_1_26' title='bbox 724 555 780 623; x_wconf 88' lang='grc' dir='ltr'><strong><em>δ’</em></strong></span> <span class='ocrx_word' id='word_1_27' title='bbox 822 560 887 624; x_wconf 86' lang='grc' dir='ltr'><strong><em>έν</em></strong></span> <span class='ocrx_word' id='word_1_28' title='bbox 933 560 1274 641; x_wconf 80' lang='grc' dir='ltr'><strong><em>ἀσμένοισιν</em></strong></span> <span class='ocrx_word' id='word_1_29' title='bbox 1320 560 1598 641; x_wconf 87' lang='grc' dir='ltr'><strong><em>ἀλιτηρὸς</em></strong></span> <span class='ocrx_word' id='word_1_30' title='bbox 1641 554 1773 641; x_wconf 77' lang='grc' dir='ltr'><strong><em>ἦστ’</em></strong></span> <span class='ocrx_word' id='word_1_31' title='bbox 1821 561 1919 623; x_wconf 75' lang='grc' dir='ltr'><strong><em>ἐπὶ</em></strong></span> <span class='ocrx_word' id='word_1_32' title='bbox 1964 563 2161 634; x_wconf 82' lang='grc' dir='ltr'><strong><em>θάκας</em></strong></span> <span class='ocrx_word' id='word_1_33' title='bbox 2195 561 2347 623; x_wconf 80' lang='grc' dir='ltr'><strong><em>κατὰ</em></strong></span> 
     </span>
    </p>

    <p class='ocr_par' dir='ltr' id='par_1_3' title="bbox 107 644 2434 1535">
     <span class='ocr_line' id='line_1_5' title="bbox 107 644 2349 734; baseline 0 -24"><span class='ocrx_word' id='word_1_34' title='bbox 107 666 315 723; x_wconf 67' lang='lat' dir='ltr'>actuo</span> <span class='ocrx_word' id='word_1_35' title='bbox 345 649 556 732; x_wconf 79' lang='grc' dir='ltr'><strong><em>πέτρας</em></strong></span> <span class='ocrx_word' id='word_1_36' title='bbox 594 649 776 732; x_wconf 85' lang='grc' dir='ltr'><strong><em>ὁρέων</em></strong></span> <span class='ocrx_word' id='word_1_37' title='bbox 815 649 924 732; x_wconf 78' lang='grc' dir='ltr'><strong><em>μὲν</em></strong></span> <span class='ocrx_word' id='word_1_38' title='bbox 960 649 1170 731; x_wconf 79' lang='grc' dir='ltr'><strong><em>οὐδὲν,</em></strong></span> <span class='ocrx_word' id='word_1_39' title='bbox 1215 648 1441 714; x_wconf 81' lang='grc' dir='ltr'><strong><em>δοκέων</em></strong></span> <span class='ocrx_word' id='word_1_40' title='bbox 1478 649 1559 712; x_wconf 89' lang='grc' dir='ltr'><strong><em>δέ.</em></strong></span> <span class='ocrx_word' id='word_1_41' title='bbox 1602 645 1611 734; x_wconf 89' lang='grc' dir='ltr'>Ι</span> <span class='ocrx_word' id='word_1_42' title='bbox 1651 649 1924 729; x_wconf 77' lang='grc' dir='ltr'><strong><em>ἐπέστησε</em></strong></span> <span class='ocrx_word' id='word_1_43' title='bbox 1969 648 2033 712; x_wconf 79' lang='grc' dir='ltr'><strong><em>δὲ</em></strong></span> <span class='ocrx_word' id='word_1_44' title='bbox 2076 650 2177 712; x_wconf 79' lang='grc' dir='ltr'><strong><em>καὶ</em></strong></span> <span class='ocrx_word' id='word_1_45' title='bbox 2216 644 2349 732; x_wconf 84' lang='grc' dir='ltr'><strong><em>Ἀρ-</em></strong></span> 
     </span>
     <span class='ocr_line' id='line_1_6' title="bbox 312 733 2434 824; baseline 0.001 -23"><span class='ocrx_word' id='word_1_46' title='bbox 312 742 538 823; x_wconf 84' lang='grc' dir='ltr'><strong><em>χίλοχος</em></strong></span> <span class='ocrx_word' id='word_1_47' title='bbox 587 737 684 824; x_wconf 86' lang='lat' dir='ltr'>(fr.</span> <span class='ocrx_word' id='word_1_48' title='bbox 727 737 866 822; x_wconf 86' lang='lat'><strong>53)·</strong></span> <span class='ocrx_word' id='word_1_49' title='bbox 921 735 1062 820; x_wconf 90' lang='grc' dir='ltr'><strong><em>μηδ’</em></strong></span> <span class='ocrx_word' id='word_1_50' title='bbox 1106 739 1138 802; x_wconf 83' lang='grc' dir='ltr'>ὁ</span> <span class='ocrx_word' id='word_1_51' title='bbox 1178 741 1481 802; x_wconf 78' lang='grc' dir='ltr'><strong><em>Ταντάλου</em></strong></span> <span class='ocrx_word' id='word_1_52' title='bbox 1536 739 1707 814; x_wconf 82' lang='grc' dir='ltr'><strong><em>λίθος</em></strong></span> <span class='ocrx_word' id='word_1_53' title='bbox 1752 733 1918 819; x_wconf 81' lang='grc' dir='ltr'><strong><em>τῆσδ’</em></strong></span> <span class='ocrx_word' id='word_1_54' title='bbox 1962 737 2109 820; x_wconf 77' lang='grc' dir='ltr'><strong><em>ὑπὲρ</em></strong></span> <span class='ocrx_word' id='word_1_55' title='bbox 2156 740 2349 818; x_wconf 84' lang='grc' dir='ltr'><strong><em>νήσου</em></strong></span> <span class='ocrx_word' id='word_1_56' title='bbox 2407 763 2434 804; x_wconf 83' lang='lat'><strong>5</strong></span> 
     </span>
     <span class='ocr_line' id='line_1_7' title="bbox 311 825 2345 911; baseline 0 -21"><span class='ocrx_word' id='word_1_57' title='bbox 311 830 645 911; x_wconf 76' lang='grc' dir='ltr'><strong><em>κρεμάσθω.</em></strong></span> <span class='ocrx_word' id='word_1_58' title='bbox 735 829 884 891; x_wconf 74' lang='grc' dir='ltr'><strong><em>ἔνιοι</em></strong></span> <span class='ocrx_word' id='word_1_59' title='bbox 942 827 1006 892; x_wconf 79' lang='grc' dir='ltr'><strong><em>δὲ</em></strong></span> <span class='ocrx_word' id='word_1_60' title='bbox 1065 827 1355 891; x_wconf 77' lang='grc' dir='ltr'><strong><em>ἀκούουσι</em></strong></span> <span class='ocrx_word' id='word_1_61' title='bbox 1413 828 1518 891; x_wconf 88' lang='grc' dir='ltr'><strong><em>τὸν</em></strong></span> <span class='ocrx_word' id='word_1_62' title='bbox 1578 827 1791 911; x_wconf 82' lang='grc' dir='ltr'><strong><em>πέτρον</em></strong></span> <span class='ocrx_word' id='word_1_63' title='bbox 1851 826 1947 889; x_wconf 79' lang='grc' dir='ltr'><strong><em>ἐπὶ</em></strong></span> <span class='ocrx_word' id='word_1_64' title='bbox 2000 838 2107 890; x_wconf 79' lang='grc' dir='ltr'><strong><em>τοῦ</em></strong></span> <span class='ocrx_word' id='word_1_65' title='bbox 2142 825 2345 908; x_wconf 78' lang='grc' dir='ltr'><strong><em>ἡλίου’</em></strong></span> 
     </span>
     <span class='ocr_line' id='line_1_8' title="bbox 311 913 2341 1000; baseline -0.001 -18"><span class='ocrx_word' id='word_1_66' title='bbox 311 919 416 983; x_wconf 87' lang='grc' dir='ltr'><strong><em>τὸν</em></strong></span> <span class='ocrx_word' id='word_1_67' title='bbox 459 917 574 1000; x_wconf 77' lang='grc' dir='ltr'><strong><em>γὰρ</em></strong></span> <span class='ocrx_word' id='word_1_68' title='bbox 622 913 924 980; x_wconf 84' lang='grc' dir='ltr'><strong><em>Τάνταλον</em></strong></span> <span class='ocrx_word' id='word_1_69' title='bbox 969 918 1332 999; x_wconf 72' lang='grc' dir='ltr'><strong><em>φυσιολόγον</em></strong></span> <span class='ocrx_word' id='word_1_70' title='bbox 1383 919 1704 998; x_wconf 79' lang='grc' dir='ltr'><strong><em>γενόμενον</em></strong></span> <span class='ocrx_word' id='word_1_71' title='bbox 1760 916 1860 978; x_wconf 84' lang='grc' dir='ltr'><strong><em>καὶ</em></strong></span> <span class='ocrx_word' id='word_1_72' title='bbox 1915 918 2145 998; x_wconf 80' lang='grc' dir='ltr'><strong><em>μύδρον</em></strong></span> <span class='ocrx_word' id='word_1_73' title='bbox 2190 916 2341 980; x_wconf 87' lang='grc' dir='ltr'><strong><em>ἀπο-</em></strong></span> 
     </span>
     <span class='ocr_line' id='line_1_9' title="bbox 312 1006 2343 1093; baseline -0 -24"><span class='ocrx_word' id='word_1_74' title='bbox 312 1008 590 1086; x_wconf 81' lang='grc' dir='ltr'><strong><em>φήναντα</em></strong></span> <span class='ocrx_word' id='word_1_75' title='bbox 644 1006 748 1069; x_wconf 85' lang='grc' dir='ltr'><strong><em>τὸν</em></strong></span> <span class='ocrx_word' id='word_1_76' title='bbox 806 1007 977 1086; x_wconf 80' lang='grc' dir='ltr'><strong><em>ἥλιον</em></strong></span> <span class='ocrx_word' id='word_1_77' title='bbox 1035 1006 1134 1069; x_wconf 79' lang='grc' dir='ltr'><strong><em>ἐπὶ</em></strong></span> <span class='ocrx_word' id='word_1_78' title='bbox 1187 1008 1376 1093; x_wconf 76' lang='grc' dir='ltr'><strong><em>τούτῳ</em></strong></span> <span class='ocrx_word' id='word_1_79' title='bbox 1438 1008 1607 1080; x_wconf 81' lang='grc' dir='ltr'><strong><em>δίκας</em></strong></span> <span class='ocrx_word' id='word_1_80' title='bbox 1667 1006 1976 1088; x_wconf 79' lang='grc' dir='ltr'><strong><em>ὑποσχεῖν,</em></strong></span> <span class='ocrx_word' id='word_1_81' title='bbox 2040 1006 2183 1068; x_wconf 78' lang='grc' dir='ltr'><strong><em>ὥστε</em></strong></span> <span class='ocrx_word' id='word_1_82' title='bbox 2241 1006 2343 1068; x_wconf 78' lang='grc' dir='ltr'><strong><em>καὶ</em></strong></span> 
     </span>
     <span class='ocr_line' id='line_1_10' title="bbox 309 1089 2342 1181; baseline -0 -23"><span class='ocrx_word' id='word_1_83' title='bbox 309 1095 734 1178; x_wconf 81' lang='grc' dir='ltr'><strong><em>έπαιωρεΐσθαι</em></strong></span> <span class='ocrx_word' id='word_1_84' title='bbox 796 1095 957 1181; x_wconf 76' lang='grc' dir='ltr'><strong><em>αὐτῷ</em></strong></span> <span class='ocrx_word' id='word_1_85' title='bbox 1015 1095 1118 1157; x_wconf 89' lang='grc' dir='ltr'><strong><em>τὸν</em></strong></span> <span class='ocrx_word' id='word_1_86' title='bbox 1180 1096 1382 1175; x_wconf 71' lang='grc' dir='ltr'><strong><em>ἥλιον,</em></strong></span> <span class='ocrx_word' id='word_1_87' title='bbox 1446 1090 1557 1175; x_wconf 72' lang='grc' dir='ltr'><strong><em>’ὑφ’</em></strong></span> <span class='ocrx_word' id='word_1_88' title='bbox 1613 1089 1689 1157; x_wconf 81' lang='grc' dir='ltr'><strong><em>οὗ</em></strong></span> <span class='ocrx_word' id='word_1_89' title='bbox 1752 1096 2179 1175; x_wconf 82' lang='grc' dir='ltr'><strong><em>δειματοῢσθαι</em></strong></span> <span class='ocrx_word' id='word_1_90' title='bbox 2239 1094 2342 1157; x_wconf 81' lang='grc' dir='ltr'><strong><em>καὶ</em></strong></span> 
     </span>
     <span class='ocr_line' id='line_1_11' title="bbox 309 1182 2428 1267; baseline 0 -20"><span class='ocrx_word' id='word_1_91' title='bbox 309 1185 753 1264; x_wconf 77' lang='grc' dir='ltr'><strong><em>καταπτήσσειν.</em></strong></span> <span class='ocrx_word' id='word_1_92' title='bbox 871 1184 1005 1267; x_wconf 84' lang='grc' dir='ltr'><strong><em>περὶ</em></strong></span> <span class='ocrx_word' id='word_1_93' title='bbox 1062 1183 1127 1247; x_wconf 78' lang='grc' dir='ltr'><strong><em>δὲ</em></strong></span> <span class='ocrx_word' id='word_1_94' title='bbox 1181 1195 1286 1246; x_wconf 81' lang='grc' dir='ltr'><strong><em>τοῦ</em></strong></span> <span class='ocrx_word' id='word_1_95' title='bbox 1346 1182 1519 1264; x_wconf 78' lang='grc' dir='ltr'><strong><em>ἡλίου</em></strong></span> <span class='ocrx_word' id='word_1_96' title='bbox 1584 1186 1649 1246; x_wconf 83' lang='grc' dir='ltr'><strong><em>οἱ</em></strong></span> <span class='ocrx_word' id='word_1_97' title='bbox 1706 1185 1957 1262; x_wconf 87' lang='grc' dir='ltr'><strong><em>φυσικοί</em></strong></span> <span class='ocrx_word' id='word_1_98' title='bbox 2015 1202 2200 1262; x_wconf 87' lang='grc' dir='ltr'><strong><em>φασιν</em></strong></span> <span class='ocrx_word' id='word_1_99' title='bbox 2261 1182 2343 1258; x_wconf 80' lang='grc' dir='ltr'><strong><em>ὣς</em></strong></span> <span class='ocrx_word' id='word_1_100' title='bbox 2374 1207 2428 1248; x_wconf 85' lang='lat'><strong><em>1⁰</em></strong></span> 
     </span>
     <span class='ocr_line' id='line_1_12' title="bbox 311 1269 2342 1356; baseline -0 -20"><span class='ocrx_word' id='word_1_101' title='bbox 311 1275 485 1348; x_wconf 82' lang='grc' dir='ltr'><strong><em>λίθος</em></strong></span> <span class='ocrx_word' id='word_1_102' title='bbox 529 1279 784 1336; x_wconf 83' lang='grc' dir='ltr'><strong><em>καλεῖται</em></strong></span> <span class='ocrx_word' id='word_1_103' title='bbox 830 1271 862 1335; x_wconf 85' lang='grc' dir='ltr'>ὁ</span> <span class='ocrx_word' id='word_1_104' title='bbox 908 1275 1096 1353; x_wconf 76' lang='grc' dir='ltr'><strong><em>ἥλιος·</em></strong></span> <span class='ocrx_word' id='word_1_105' title='bbox 1162 1273 1261 1335; x_wconf 79' lang='grc' dir='ltr'><strong><em>καὶ</em></strong></span> <span class='ocrx_word' id='word_1_106' title='bbox 1303 1269 1701 1356; x_wconf 78' lang='grc' dir='ltr'><strong><em>Ἀναξαγόρου</em></strong></span> <span class='ocrx_word' id='word_1_107' title='bbox 1759 1272 1823 1335; x_wconf 80' lang='grc' dir='ltr'><strong><em>δὲ</em></strong></span> <span class='ocrx_word' id='word_1_108' title='bbox 1868 1273 2192 1355; x_wconf 83' lang='grc' dir='ltr'><strong><em>γενόμενον</em></strong></span> <span class='ocrx_word' id='word_1_109' title='bbox 2238 1272 2342 1336; x_wconf 87' lang='grc' dir='ltr'><strong><em>τὸν</em></strong></span> 
     </span>
     <span class='ocr_line' id='line_1_13' title="bbox 310 1361 2343 1446; baseline 0 -22"><span class='ocrx_word' id='word_1_110' title='bbox 310 1363 653 1444; x_wconf 79' lang='grc' dir='ltr'><strong><em>Εὐριπίδην</em></strong></span> <span class='ocrx_word' id='word_1_111' title='bbox 713 1362 994 1442; x_wconf 81' lang='grc' dir='ltr'><strong><em>μαθητὴν</em></strong></span> <span class='ocrx_word' id='word_1_112' title='bbox 1049 1361 1266 1446; x_wconf 83' lang='grc' dir='ltr'><strong><em>πέτρον</em></strong></span> <span class='ocrx_word' id='word_1_113' title='bbox 1323 1361 1622 1445; x_wconf 82' lang='grc' dir='ltr'><strong><em>εἰρηκέναι</em></strong></span> <span class='ocrx_word' id='word_1_114' title='bbox 1678 1362 1782 1425; x_wconf 89' lang='grc' dir='ltr'><strong><em>τὸν</em></strong></span> <span class='ocrx_word' id='word_1_115' title='bbox 1842 1363 2012 1441; x_wconf 69' lang='grc' dir='ltr'><strong><em>’ἥλιον</em></strong></span> <span class='ocrx_word' id='word_1_116' title='bbox 2069 1361 2169 1424; x_wconf 82' lang='grc' dir='ltr'><strong><em>διὰ</em></strong></span> <span class='ocrx_word' id='word_1_117' title='bbox 2223 1371 2343 1425; x_wconf 82' lang='grc' dir='ltr'><strong><em>τῶν</em></strong></span> 
     </span>
     <span class='ocr_line' id='line_1_14' title="bbox 312 1445 1094 1535; baseline 0 -23"><span class='ocrx_word' id='word_1_118' title='bbox 312 1450 782 1534; x_wconf 83' lang='grc' dir='ltr'><strong><em>προεκκειμένων</em></strong></span> <span class='ocrx_word' id='word_1_119' title='bbox 829 1447 958 1534; x_wconf 89' lang='lat' dir='ltr'><strong>(Or.</strong></span> <span class='ocrx_word' id='word_1_120' title='bbox 997 1445 1094 1535; x_wconf 81' lang='lat'><strong><em>4)-</em></strong></span> 
     </span>
    </p>

    <p class='ocr_par' dir='ltr' id='par_1_4' title="bbox 578 1556 1885 1639">
     <span class='ocr_line' id='line_1_15' title="bbox 578 1556 1885 1639; baseline 0 -20"><span class='ocrx_word' id='word_1_121' title='bbox 578 1556 610 1619; x_wconf 86' lang='grc' dir='ltr'>ὁ</span> <span class='ocrx_word' id='word_1_122' title='bbox 655 1559 766 1639; x_wconf 72' lang='grc' dir='ltr'><strong><em>γὰρ</em></strong></span> <span class='ocrx_word' id='word_1_123' title='bbox 813 1559 1127 1638; x_wconf 85' lang='grc' dir='ltr'><strong><em>μακάριος,</em></strong></span> <span class='ocrx_word' id='word_1_124' title='bbox 1171 1558 1318 1620; x_wconf 82' lang='grc' dir='ltr'><strong><em>κούκ</em></strong></span> <span class='ocrx_word' id='word_1_125' title='bbox 1366 1556 1632 1632; x_wconf 77' lang='grc' dir='ltr'><strong><em>ὀνειδίζω</em></strong></span> <span class='ocrx_word' id='word_1_126' title='bbox 1676 1559 1885 1639; x_wconf 84' lang='grc' dir='ltr'><strong><em>τύχας,</em></strong></span> 
     </span>
    </p>

    <p class='ocr_par' dir='ltr' id='par_1_5' title="bbox 575 1645 2427 1817">
     <span class='ocr_line' id='line_1_16' title="bbox 576 1645 2427 1728; baseline 0.002 -21"><span class='ocrx_word' id='word_1_127' title='bbox 576 1647 723 1719; x_wconf 89' lang='grc' dir='ltr'><strong><em>Διὸς</em></strong></span> <span class='ocrx_word' id='word_1_128' title='bbox 765 1645 1077 1727; x_wconf 82' lang='grc' dir='ltr'><strong><em>πεφυκὼς,</em></strong></span> <span class='ocrx_word' id='word_1_129' title='bbox 1122 1645 1203 1720; x_wconf 81' lang='grc' dir='ltr'><strong><em>ὡς</em></strong></span> <span class='ocrx_word' id='word_1_130' title='bbox 1248 1645 1511 1728; x_wconf 72' lang='grc' dir='ltr'><strong><em>λέγουσι,</em></strong></span> <span class='ocrx_word' id='word_1_131' title='bbox 1564 1647 1858 1720; x_wconf 78' lang='grc' dir='ltr'><strong><em>Τάνταλος</em></strong></span> <span class='ocrx_word' id='word_1_132' title='bbox 2374 1670 2427 1711; x_wconf 83' lang='lat'><strong><em>15</em></strong></span> 
     </span>
     <span class='ocr_line' id='line_1_17' title="bbox 575 1733 1942 1817; baseline 0.001 -20"><span class='ocrx_word' id='word_1_133' title='bbox 575 1746 849 1817; x_wconf 79' lang='grc' dir='ltr'><strong><em>κορυφῆς</em></strong></span> <span class='ocrx_word' id='word_1_134' title='bbox 894 1734 1315 1817; x_wconf 79' lang='grc' dir='ltr'><strong><em>ὑπερτέλλοντα</em></strong></span> <span class='ocrx_word' id='word_1_135' title='bbox 1364 1736 1683 1816; x_wconf 87' lang='grc' dir='ltr'><strong><em>δειμαίνων</em></strong></span> <span class='ocrx_word' id='word_1_136' title='bbox 1726 1733 1942 1816; x_wconf 87' lang='grc' dir='ltr'><strong><em>πέτρον</em></strong></span> 
     </span>
    </p>

    <p class='ocr_par' dir='ltr' id='par_1_6' title="bbox 579 1823 1839 1906">
     <span class='ocr_line' id='line_1_18' title="bbox 579 1823 1839 1906; baseline -0.001 -20"><span class='ocrx_word' id='word_1_137' title='bbox 579 1823 704 1906; x_wconf 84' lang='grc' dir='ltr'><strong><em>ἀέρι</em></strong></span> <span class='ocrx_word' id='word_1_138' title='bbox 748 1834 995 1886; x_wconf 80' lang='grc' dir='ltr'><strong><em>ποτᾶται</em></strong></span> <span class='ocrx_word' id='word_1_139' title='bbox 1037 1824 1138 1886; x_wconf 80' lang='grc' dir='ltr'><strong><em>καὶ</em></strong></span> <span class='ocrx_word' id='word_1_140' title='bbox 1182 1826 1328 1886; x_wconf 83' lang='grc' dir='ltr'><strong><em>τίνει</em></strong></span> <span class='ocrx_word' id='word_1_141' title='bbox 1374 1827 1598 1904; x_wconf 91' lang='grc' dir='ltr'><strong><em>ταύτην</em></strong></span> <span class='ocrx_word' id='word_1_142' title='bbox 1645 1826 1839 1903; x_wconf 93' lang='grc' dir='ltr'><strong><em>δίκην.</em></strong></span> 
     </span>
    </p>
   </div>
   <div class='ocr_carea' id='block_1_3' title="bbox 310 1925 2427 2299">
    <p class='ocr_par' dir='ltr' id='par_1_7' title="bbox 310 1925 2427 2299">
     <span class='ocr_line' id='line_1_19' title="bbox 310 1925 2161 2016; baseline -0.001 -22"><span class='ocrx_word' id='word_1_143' title='bbox 310 1931 412 1994; x_wconf 77' lang='grc' dir='ltr'><strong><em>καὶ</em></strong></span> <span class='ocrx_word' id='word_1_144' title='bbox 454 1931 633 1995; x_wconf 88' lang='grc' dir='ltr'><strong><em>πάλιν</em></strong></span> <span class='ocrx_word' id='word_1_145' title='bbox 679 1925 760 1993; x_wconf 84' lang='grc' dir='ltr'><strong><em>δι’</em></strong></span> <span class='ocrx_word' id='word_1_146' title='bbox 798 1929 992 1994; x_wconf 69' lang='grc' dir='ltr'><strong><em>ἄλλων</em></strong></span> <span class='ocrx_word' id='word_1_147' title='bbox 1037 1933 1232 2012; x_wconf 80' lang='grc' dir='ltr'><strong><em>βῶλον</em></strong></span> <span class='ocrx_word' id='word_1_148' title='bbox 1278 1929 1522 2015; x_wconf 80' lang='grc' dir='ltr'><strong><em>λέγοντα</em></strong></span> <span class='ocrx_word' id='word_1_149' title='bbox 1567 1931 1754 2005; x_wconf 73' lang='grc' dir='ltr'><strong><em>οὕτως</em></strong></span> <span class='ocrx_word' id='word_1_150' title='bbox 1801 1925 1929 2014; x_wconf 87' lang='lat' dir='ltr'><strong>(Or.</strong></span> <span class='ocrx_word' id='word_1_151' title='bbox 1973 1926 2161 2016; x_wconf 81' lang='lat'>982)-</span> 
     </span>
     <span class='ocr_line' id='line_1_20' title="bbox 577 2038 1296 2120; baseline 0.003 -20"><span class='ocrx_word' id='word_1_152' title='bbox 577 2039 814 2120; x_wconf 88' lang='grc' dir='ltr'><strong><em>μόλοιμι</em></strong></span> <span class='ocrx_word' id='word_1_153' title='bbox 857 2038 965 2100; x_wconf 82' lang='grc' dir='ltr'><strong><em>τὰν</em></strong></span> <span class='ocrx_word' id='word_1_154' title='bbox 1012 2038 1296 2118; x_wconf 78' lang='grc' dir='ltr'><strong><em>ούρανοῦ-</em></strong></span> 
     </span>
     <span class='ocr_line' id='line_1_21' title="bbox 577 2126 2427 2208; baseline 0.001 -19"><span class='ocrx_word' id='word_1_155' title='bbox 577 2126 757 2208; x_wconf 86' lang='grc' dir='ltr'><strong><em>μέσον</em></strong></span> <span class='ocrx_word' id='word_1_156' title='bbox 801 2127 1024 2208; x_wconf 81' lang='grc' dir='ltr'><strong><em>χθονὸς</em></strong></span> <span class='ocrx_word' id='word_1_157' title='bbox 1059 2126 1379 2207; x_wconf 85' lang='grc' dir='ltr'><strong><em>τεταμέναν</em></strong></span> <span class='ocrx_word' id='word_1_158' title='bbox 2372 2150 2427 2190; x_wconf 71' lang='lat'><strong><em>20</em></strong></span> 
     </span>
     <span class='ocr_line' id='line_1_22' title="bbox 581 2216 1171 2299; baseline 0.002 -22"><span class='ocrx_word' id='word_1_159' title='bbox 581 2216 910 2298; x_wconf 80' lang='grc' dir='ltr'><strong><em>αἰωρήμασι</em></strong></span> <span class='ocrx_word' id='word_1_160' title='bbox 953 2216 1171 2299; x_wconf 85' lang='grc' dir='ltr'><strong><em>πέτραν</em></strong></span> 
     </span>
    </p>
   </div>
   <div class='ocr_carea' id='block_1_4' title="bbox 314 2350 741 2360">
    <p class='ocr_par' dir='ltr' id='par_1_8' title="bbox 314 2350 741 2360">
     <span class='ocr_line' id='line_1_23' title="bbox 314 2350 741 2360; baseline 0 1522"><span class='ocrx_word' id='word_1_161' title='bbox 314 2350 741 2360; x_wconf 95' lang='lat' dir='ltr'><strong><em> </em></strong></span> 
     </span>
    </p>
   </div>
   <div class='ocr_carea' id='block_1_5' title="bbox 311 2414 2340 2554">
    <p class='ocr_par' dir='ltr' id='par_1_9' title="bbox 311 2414 2340 2554">
     <span class='ocr_line' id='line_1_24' title="bbox 453 2414 2340 2481; baseline 0 -12"><span class='ocrx_word' id='word_1_162' title='bbox 453 2420 484 2469; x_wconf 77' lang='grc'><strong>3</strong></span> <span class='ocrx_word' id='word_1_163' title='bbox 521 2414 676 2470; x_wconf 79' lang='lat' dir='ltr'><strong>Eust.</strong></span> <span class='ocrx_word' id='word_1_164' title='bbox 717 2415 793 2468; x_wconf 82' lang='lat' dir='ltr'><strong><em>ad</em></strong></span> <span class='ocrx_word' id='word_1_165' title='bbox 831 2414 931 2469; x_wconf 83' lang='lat' dir='ltr'><strong><em>od.</em></strong></span> <span class='ocrx_word' id='word_1_166' title='bbox 972 2420 1128 2481; x_wconf 82' lang='lat'>1701,</span> <span class='ocrx_word' id='word_1_167' title='bbox 1160 2421 1228 2469; x_wconf 84' lang='lat'><strong><em>23</em></strong></span> <span class='ocrx_word' id='word_1_168' title='bbox 1377 2420 1408 2469; x_wconf 83' lang='lat'><strong>6</strong></span> <span class='ocrx_word' id='word_1_169' title='bbox 1458 2416 1569 2469; x_wconf 81' lang='lat' dir='ltr'><strong>sch.</strong></span> <span class='ocrx_word' id='word_1_170' title='bbox 1611 2415 1738 2469; x_wconf 83' lang='lat' dir='ltr'><strong>Eur.</strong></span> <span class='ocrx_word' id='word_1_171' title='bbox 1780 2414 1871 2470; x_wconf 85' lang='lat' dir='ltr'><strong><em>Or.</em></strong></span> <span class='ocrx_word' id='word_1_172' title='bbox 1913 2419 2032 2469; x_wconf 82' lang='lat'>582.</span> <span class='ocrx_word' id='word_1_173' title='bbox 2108 2414 2340 2471; x_wconf 76' lang='lat' dir='ltr'><strong>Tzetzes</strong></span> 
     </span>
     <span class='ocr_line' id='line_1_25' title="bbox 311 2485 1930 2554; baseline 0 -13"><span class='ocrx_word' id='word_1_174' title='bbox 311 2486 450 2541; x_wconf 87' lang='lat' dir='ltr'>Chil.</span> <span class='ocrx_word' id='word_1_175' title='bbox 491 2491 542 2554; x_wconf 84' lang='lat'><strong><em>5,</em></strong></span> <span class='ocrx_word' id='word_1_176' title='bbox 571 2491 834 2541; x_wconf 79' lang='lat'><strong>458—62.</strong></span> <span class='ocrx_word' id='word_1_177' title='bbox 882 2491 1145 2540; x_wconf 77' lang='grc'><strong>478-82.</strong></span> <span class='ocrx_word' id='word_1_178' title='bbox 1219 2485 1376 2541; x_wconf 70' lang='lat' dir='ltr'><strong>Euat.</strong></span> <span class='ocrx_word' id='word_1_179' title='bbox 1418 2486 1493 2540; x_wconf 72' lang='lat' dir='ltr'><strong><em>ad</em></strong></span> <span class='ocrx_word' id='word_1_180' title='bbox 1531 2485 1633 2541; x_wconf 86' lang='lat' dir='ltr'><strong><em>Od.</em></strong></span> <span class='ocrx_word' id='word_1_181' title='bbox 1676 2492 1829 2553; x_wconf 82' lang='lat'>1700,</span> <span class='ocrx_word' id='word_1_182' title='bbox 1862 2491 1930 2541; x_wconf 88' lang='grc'><strong><em>60</em></strong></span> 
     </span>
    </p>
   </div>
   <div class='ocr_carea' id='block_1_6' title="bbox 312 2608 740 2616">
    <p class='ocr_par' dir='ltr' id='par_1_10' title="bbox 312 2608 740 2616">
     <span class='ocr_line' id='line_1_26' title="bbox 312 2608 740 2616; baseline 0 0"><span class='ocrx_word' id='word_1_183' title='bbox 312 2608 740 2616; x_wconf 95' lang='lat' dir='ltr'><strong><em> </em></strong></span> 
     </span>
    </p>
   </div>
   <div class='ocr_carea' id='block_1_7' title="bbox 456 2669 2339 2743">
    <p class='ocr_par' dir='ltr' id='par_1_11' title="bbox 456 2669 2339 2743">
     <span class='ocr_line' id='line_1_27' title="bbox 456 2669 2339 2743; baseline -0.001 -15"><span class='ocrx_word' id='word_1_184' title='bbox 456 2680 484 2728; x_wconf 89' lang='grc'>1</span> <span class='ocrx_word' id='word_1_185' title='bbox 534 2672 906 2743; x_wconf 76' lang='grc' dir='ltr'><strong><em>ἐπεωρεῑσθαι</em></strong></span> <span class='ocrx_word' id='word_1_186' title='bbox 941 2673 1030 2728; x_wconf 70' lang='grc' dir='ltr'><strong><em>Α·“’</em></strong></span> <span class='ocrx_word' id='word_1_187' title='bbox 1086 2672 1289 2742; x_wconf 84' lang='grc' dir='ltr'><strong><em>ἀπεωρ.</em></strong></span> <span class='ocrx_word' id='word_1_188' title='bbox 1343 2672 1380 2728; x_wconf 76' lang='lat'><strong>0</strong></span> <span class='ocrx_word' id='word_1_189' title='bbox 1432 2675 1453 2743; x_wconf 86' lang='grc' dir='ltr'><strong><em>ΙΙ</em></strong></span> <span class='ocrx_word' id='word_1_190' title='bbox 1507 2672 1537 2727; x_wconf 85' lang='grc' dir='ltr'><strong><em>ὁ</em></strong></span> <span class='ocrx_word' id='word_1_191' title='bbox 1585 2673 1685 2742; x_wconf 75' lang='grc' dir='ltr'><strong><em>μὲν</em></strong></span> <span class='ocrx_word' id='word_1_192' title='bbox 1720 2669 1963 2737; x_wconf 76' lang='grc' dir='ltr'><strong><em>Ἀλκαῖος</em></strong></span> <span class='ocrx_word' id='word_1_193' title='bbox 2012 2675 2143 2743; x_wconf 75' lang='lat' dir='ltr'><strong>post</strong></span> <span class='ocrx_word' id='word_1_194' title='bbox 2194 2676 2339 2727; x_wconf 87' lang='grc' dir='ltr'><strong><em>Ταν-</em></strong></span> 
     </span>
    </p>
   </div>
   <div class='ocr_carea' id='block_1_8' title="bbox 309 2743 2343 3171">
    <p class='ocr_par' dir='ltr' id='par_1_12' title="bbox 309 2743 2343 3171">
     <span class='ocr_line' id='line_1_28' title="bbox 309 2743 2341 2869; baseline 0 -71"><span class='ocrx_word' id='word_1_195' title='bbox 309 2744 457 2818; x_wconf 80' lang='grc' dir='ltr'><strong><em>τάλῳ</em></strong></span> <span class='ocrx_word' id='word_1_196' title='bbox 502 2745 629 2799; x_wconf 81' lang='lat' dir='ltr'><strong>add.</strong></span> <span class='ocrx_word' id='word_1_197' title='bbox 672 2747 703 2799; x_wconf 79' lang='lat' dir='ltr'><strong>h</strong></span> <span class='ocrx_word' id='word_1_198' title='bbox 759 2746 778 2815; x_wconf 83' lang='grc' dir='ltr'><strong><em>ΙΙ</em></strong></span> <span class='ocrx_word' id='word_1_199' title='bbox 840 2747 1067 2799; x_wconf 79' lang='grc' dir='ltr'><strong><em>κεῖσθαι</em></strong></span> <span class='ocrx_word' id='word_1_200' title='bbox 1111 2743 1226 2812; x_wconf 77' lang='grc' dir='ltr'><strong><em>πὰρ</em></strong></span> <span class='ocrx_word' id='word_1_201' title='bbox 1273 2745 1547 2869; x_wconf 50' lang='grc' dir='ltr'><strong><em>κεφαλᾶςὲ</em></strong></span> <span class='ocrx_word' id='word_1_202' title='bbox 1596 2748 1825 2799; x_wconf 76' lang='grc' dir='ltr'><strong><em>κεῖσθαι</em></strong></span> <span class='ocrx_word' id='word_1_203' title='bbox 1897 2787 1943 2798; x_wconf 93' lang='grc'><strong><em>..</em></strong></span> <span class='ocrx_word' id='word_1_204' title='bbox 1968 2787 1979 2798; x_wconf 89' lang='grc'><strong>.</strong></span> <span class='ocrx_word' id='word_1_205' title='bbox 2062 2744 2185 2813; x_wconf 79' lang='lat' dir='ltr'><strong>(lac.</strong></span> <span class='ocrx_word' id='word_1_206' title='bbox 2226 2743 2341 2816; x_wconf 85' lang='lat' dir='ltr'>[D])</span> 
     </span>
     <span class='ocr_line' id='line_1_29' title="bbox 317 2814 2340 2885; baseline 0 -16"><span class='ocrx_word' id='word_1_207' title='bbox 317 2823 350 2869; x_wconf 74' lang='grc' dir='ltr'><strong>ὅ</strong></span> <span class='ocrx_word' id='word_1_208' title='bbox 388 2818 454 2884; x_wconf 84' lang='lat' dir='ltr'><strong><em>D,</em></strong></span> <span class='ocrx_word' id='word_1_209' title='bbox 501 2816 720 2870; x_wconf 77' lang='lat' dir='ltr'>omissis</span> <span class='ocrx_word' id='word_1_210' title='bbox 769 2815 967 2869; x_wconf 73' lang='lat' dir='ltr'><strong>ceteris</strong></span> <span class='ocrx_word' id='word_1_211' title='bbox 1021 2817 1040 2885; x_wconf 88' lang='grc' dir='ltr'><strong><em>ΙΙ</em></strong></span> <span class='ocrx_word' id='word_1_212' title='bbox 1092 2815 1208 2883; x_wconf 81' lang='grc' dir='ltr'><strong><em>πὰρ</em></strong></span> <span class='ocrx_word' id='word_1_213' title='bbox 1255 2816 1378 2871; x_wconf 73' lang='lat' dir='ltr'><strong><em>An:</em></strong></span> <span class='ocrx_word' id='word_1_214' title='bbox 1416 2834 1521 2885; x_wconf 86' lang='grc' dir='ltr'><strong><em>περ</em></strong></span> <span class='ocrx_word' id='word_1_215' title='bbox 1586 2817 1622 2870; x_wconf 98' lang='grc' dir='ltr'>Ε</span> <span class='ocrx_word' id='word_1_216' title='bbox 1674 2814 1832 2884; x_wconf 82' lang='grc' dir='ltr'><strong><em>παρὰ</em></strong></span> <span class='ocrx_word' id='word_1_217' title='bbox 2083 2822 2113 2869; x_wconf 83' lang='grc'>2</span> <span class='ocrx_word' id='word_1_218' title='bbox 2152 2816 2340 2869; x_wconf 85' lang='grc' dir='ltr'><strong><em>ὠαισι-</em></strong></span> 
     </span>
     <span class='ocr_line' id='line_1_30' title="bbox 311 2884 2217 2958; baseline 0.001 -17"><span class='ocrx_word' id='word_1_219' title='bbox 311 2885 449 2958; x_wconf 84' lang='grc' dir='ltr'><strong><em>μίδα</em></strong></span> <span class='ocrx_word' id='word_1_220' title='bbox 488 2887 583 2944; x_wconf 73' lang='grc' dir='ltr'><strong><em>ΗΟ</em></strong></span> <span class='ocrx_word' id='word_1_221' title='bbox 619 2890 723 2958; x_wconf 77' lang='lat' dir='ltr'><strong><em>(coa</em></strong></span> <span class='ocrx_word' id='word_1_222' title='bbox 759 2903 828 2941; x_wconf 81' lang='lat' dir='ltr'><strong><em>ex</em></strong></span> <span class='ocrx_word' id='word_1_223' title='bbox 865 2903 1000 2941; x_wconf 85' lang='lat' dir='ltr'>corr.</span> <span class='ocrx_word' id='word_1_224' title='bbox 1041 2885 1153 2956; x_wconf 82' lang='lat' dir='ltr'>ss¹):</span> <span class='ocrx_word' id='word_1_225' title='bbox 1205 2930 1215 2940; x_wconf 89' lang='lat'><em>.</em></span> <span class='ocrx_word' id='word_1_226' title='bbox 1241 2928 1251 2939; x_wconf 93' lang='lat'><strong>.</strong></span> <span class='ocrx_word' id='word_1_227' title='bbox 1277 2928 1287 2940; x_wconf 95' lang='lat'><strong>.</strong></span> <span class='ocrx_word' id='word_1_228' title='bbox 1382 2888 1486 2957; x_wconf 75' lang='lat' dir='ltr'><strong>ae.)</strong></span> <span class='ocrx_word' id='word_1_229' title='bbox 1523 2884 1661 2956; x_wconf 84' lang='grc' dir='ltr'><strong><em>μίδα</em></strong></span> <span class='ocrx_word' id='word_1_230' title='bbox 1701 2889 1737 2942; x_wconf 86' lang='grc' dir='ltr'>Ε</span> <span class='ocrx_word' id='word_1_231' title='bbox 1792 2886 1911 2941; x_wconf 56' lang='lat' dir='ltr'><strong><em>&amp;aa</em></strong></span> <span class='ocrx_word' id='word_1_232' title='bbox 1943 2884 2136 2956; x_wconf 88' lang='grc' dir='ltr'><strong><em>σιμίδα</em></strong></span> <span class='ocrx_word' id='word_1_233' title='bbox 2173 2887 2217 2942; x_wconf 85' lang='grc' dir='ltr'><strong>Α</strong></span> 
     </span>
     <span class='ocr_line' id='line_1_31' title="bbox 312 2950 2343 3031; baseline 0.001 -20"><span class='ocrx_word' id='word_1_234' title='bbox 312 2964 345 3011; x_wconf 84' lang='lat'><strong>3</strong></span> <span class='ocrx_word' id='word_1_235' title='bbox 395 2956 502 3028; x_wconf 81' lang='grc' dir='ltr'><strong><em>ὅπη</em></strong></span> <span class='ocrx_word' id='word_1_236' title='bbox 542 2958 584 3015; x_wconf 78' lang='grc'><strong><em>0,</em></strong></span> <span class='ocrx_word' id='word_1_237' title='bbox 656 2958 831 3021; x_wconf 76' lang='grc' dir='ltr'><strong><em>οὕτως</em></strong></span> <span class='ocrx_word' id='word_1_238' title='bbox 885 2957 953 3027; x_wconf 83' lang='lat' dir='ltr'><strong><em>ej.</em></strong></span> <span class='ocrx_word' id='word_1_239' title='bbox 1002 2956 1188 3028; x_wconf 82' lang='lat' dir='ltr'>Bergk</span> <span class='ocrx_word' id='word_1_240' title='bbox 1247 2960 1266 3027; x_wconf 82' lang='grc' dir='ltr'><strong><em>ΙΙ</em></strong></span> <span class='ocrx_word' id='word_1_241' title='bbox 1367 2955 1449 3012; x_wconf 88' lang='grc' dir='ltr'><strong><em>στ’</em></strong></span> <span class='ocrx_word' id='word_1_242' title='bbox 1501 2957 1623 3015; x_wconf 74' lang='lat' dir='ltr'><strong><em>Ass:</em></strong></span> <span class='ocrx_word' id='word_1_243' title='bbox 1670 2950 1809 3027; x_wconf 79' lang='grc' dir='ltr'><strong><em>ἦσθ’</em></strong></span> <span class='ocrx_word' id='word_1_244' title='bbox 1863 2959 1946 3012; x_wconf 76' lang='grc' dir='ltr'><strong><em>ΗΓ</em></strong></span> <span class='ocrx_word' id='word_1_245' title='bbox 2019 2953 2173 3012; x_wconf 75' lang='grc' dir='ltr'><strong><em>οἷσθ’</em></strong></span> <span class='ocrx_word' id='word_1_246' title='bbox 2232 2958 2269 3013; x_wconf 97' lang='grc' dir='ltr'>Ε</span> <span class='ocrx_word' id='word_1_247' title='bbox 2335 2957 2343 3031; x_wconf 90' lang='grc' dir='ltr'>Ι</span> 
     </span>
     <span class='ocr_line' id='line_1_32' title="bbox 309 3028 2262 3118; baseline -0.001 -34"><span class='ocrx_word' id='word_1_248' title='bbox 309 3030 518 3094; x_wconf 78' lang='grc' dir='ltr'><strong><em>θάκοις</em></strong></span> <span class='ocrx_word' id='word_1_249' title='bbox 561 3030 714 3083; x_wconf 81' lang='lat' dir='ltr'>Beck</span> <span class='ocrx_word' id='word_1_250' title='bbox 918 3034 952 3081; x_wconf 89' lang='lat'>4</span> <span class='ocrx_word' id='word_1_251' title='bbox 1008 3028 1184 3098; x_wconf 86' lang='grc' dir='ltr'><strong><em>ὁρέων</em></strong></span> <span class='ocrx_word' id='word_1_252' title='bbox 1231 3030 1349 3085; x_wconf 54' lang='lat' dir='ltr'><strong><em>Am:</em></strong></span> <span class='ocrx_word' id='word_1_253' title='bbox 1398 3028 1575 3118; x_wconf 79' lang='grc' dir='ltr'><strong><em>ὀρέων</em></strong></span> <span class='ocrx_word' id='word_1_254' title='bbox 1617 3032 1638 3099; x_wconf 83' lang='grc' dir='ltr'><strong><em>ΙΙ</em></strong></span> <span class='ocrx_word' id='word_1_255' title='bbox 1682 3028 1965 3100; x_wconf 80' lang='grc' dir='ltr'><strong><em>ἐπέστησε]</em></strong></span> <span class='ocrx_word' id='word_1_256' title='bbox 2025 3028 2262 3098; x_wconf 77' lang='grc' dir='ltr'><strong><em>ἐπάτησε</em></strong></span> 
     </span>
     <span class='ocr_line' id='line_1_33' title="bbox 312 3098 2343 3171; baseline -0.001 -16"><span class='ocrx_word' id='word_1_257' title='bbox 312 3098 537 3171; x_wconf 79' lang='grc' dir='ltr'><strong><em>ἐποίησε</em></strong></span> <span class='ocrx_word' id='word_1_258' title='bbox 573 3116 606 3156; x_wconf 82' lang='lat' dir='ltr'>v</span> <span class='ocrx_word' id='word_1_259' title='bbox 649 3103 668 3170; x_wconf 86' lang='grc' dir='ltr'><strong><em>ΙΙ</em></strong></span> <span class='ocrx_word' id='word_1_260' title='bbox 713 3100 811 3153; x_wconf 77' lang='grc' dir='ltr'><strong><em>καὶ</em></strong></span> <span class='ocrx_word' id='word_1_261' title='bbox 847 3115 952 3155; x_wconf 89' lang='lat' dir='ltr'><strong><em>om.</em></strong></span> <span class='ocrx_word' id='word_1_262' title='bbox 994 3099 1088 3157; x_wconf 68' lang='grc' dir='ltr'><strong><em>ΗΟ</em></strong></span> <span class='ocrx_word' id='word_1_263' title='bbox 1249 3106 1282 3154; x_wconf 85' lang='grc'>5</span> <span class='ocrx_word' id='word_1_264' title='bbox 1319 3102 1434 3170; x_wconf 86' lang='grc' dir='ltr'><strong><em>μηδ</em></strong></span> <span class='ocrx_word' id='word_1_265' title='bbox 1496 3099 1552 3171; x_wconf 85' lang='grc' dir='ltr'><strong><em>ὁ]</em></strong></span> <span class='ocrx_word' id='word_1_266' title='bbox 1584 3142 1630 3155; x_wconf 89' lang='lat'><strong><em>..</em></strong></span> <span class='ocrx_word' id='word_1_267' title='bbox 1656 3098 1854 3155; x_wconf 81' lang='grc' dir='ltr'><strong><em>..ὅταν</em></strong></span> <span class='ocrx_word' id='word_1_268' title='bbox 1893 3102 1929 3155; x_wconf 93' lang='grc' dir='ltr'>Ε</span> <span class='ocrx_word' id='word_1_269' title='bbox 1986 3102 2007 3169; x_wconf 73' lang='grc' dir='ltr'><strong><em>ΙΙ</em></strong></span> <span class='ocrx_word' id='word_1_270' title='bbox 2058 3098 2343 3163; x_wconf 82' lang='grc' dir='ltr'><strong><em>Τάνταλος</em></strong></span> 
     </span>
    </p>
   </div>
   <div class='ocr_carea' id='block_1_9' title="bbox 311 3170 2340 3665">
    <p class='ocr_par' dir='ltr' id='par_1_13' title="bbox 311 3170 2340 3665">
     <span class='ocr_line' id='line_1_34' title="bbox 312 3170 2340 3242; baseline -0 -15"><span class='ocrx_word' id='word_1_271' title='bbox 312 3174 353 3227; x_wconf 83' lang='grc' dir='ltr'>Η</span> <span class='ocrx_word' id='word_1_272' title='bbox 399 3175 418 3241; x_wconf 86' lang='grc' dir='ltr'><strong><em>ΙΙ</em></strong></span> <span class='ocrx_word' id='word_1_273' title='bbox 461 3171 572 3226; x_wconf 76' lang='grc' dir='ltr'><strong><em>’ὑπὸ</em></strong></span> <span class='ocrx_word' id='word_1_274' title='bbox 612 3171 749 3229; x_wconf 77' lang='lat' dir='ltr'><strong><em>Hssv</em></strong></span> <span class='ocrx_word' id='word_1_275' title='bbox 794 3172 950 3241; x_wconf 74' lang='lat' dir='ltr'><strong>(con.</strong></span> <span class='ocrx_word' id='word_1_276' title='bbox 989 3170 1162 3241; x_wconf 81' lang='lat' dir='ltr'>Beck)</span> <span class='ocrx_word' id='word_1_277' title='bbox 1344 3176 1376 3224; x_wconf 85' lang='grc'><strong>6</strong></span> <span class='ocrx_word' id='word_1_278' title='bbox 1432 3170 1723 3241; x_wconf 78' lang='grc' dir='ltr'><strong><em>κρεμάσθη</em></strong></span> <span class='ocrx_word' id='word_1_279' title='bbox 1772 3171 1855 3227; x_wconf 78' lang='lat' dir='ltr'><strong><em>ssv</em></strong></span> <span class='ocrx_word' id='word_1_280' title='bbox 1898 3173 1917 3240; x_wconf 88' lang='grc' dir='ltr'><strong><em>ΙΙ</em></strong></span> <span class='ocrx_word' id='word_1_281' title='bbox 1965 3171 2127 3242; x_wconf 82' lang='grc' dir='ltr'><strong><em>ἔνιοι]</em></strong></span> <span class='ocrx_word' id='word_1_282' title='bbox 2176 3171 2340 3239; x_wconf 79' lang='grc' dir='ltr'><strong><em>ἔψιον</em></strong></span> 
     </span>
     <span class='ocr_line' id='line_1_35' title="bbox 313 3240 2339 3313; baseline 0 -16"><span class='ocrx_word' id='word_1_283' title='bbox 313 3244 349 3297; x_wconf 90' lang='grc' dir='ltr'>Ε</span> <span class='ocrx_word' id='word_1_284' title='bbox 532 3248 561 3295; x_wconf 85' lang='grc'><strong>7</strong></span> <span class='ocrx_word' id='word_1_285' title='bbox 618 3240 796 3313; x_wconf 82' lang='grc' dir='ltr'><strong><em>γινόμ.</em></strong></span> <span class='ocrx_word' id='word_1_286' title='bbox 837 3244 874 3297; x_wconf 86' lang='grc' dir='ltr'>Ε</span> <span class='ocrx_word' id='word_1_287' title='bbox 1055 3246 1086 3294; x_wconf 89' lang='grc'>9</span> <span class='ocrx_word' id='word_1_288' title='bbox 1145 3242 1551 3311; x_wconf 73' lang='grc' dir='ltr'><strong><em>ἐπαιωρεῖσθαι</em></strong></span> <span class='ocrx_word' id='word_1_289' title='bbox 1590 3244 1707 3297; x_wconf 68' lang='lat' dir='ltr'><strong><em>ER:</em></strong></span> <span class='ocrx_word' id='word_1_290' title='bbox 1757 3242 2156 3309; x_wconf 74' lang='grc' dir='ltr'><strong><em>έναιωρεῖσθαι</em></strong></span> <span class='ocrx_word' id='word_1_291' title='bbox 2202 3242 2339 3313; x_wconf 74' lang='grc' dir='ltr'>Α(ῦ)</span> 
     </span>
     <span class='ocr_line' id='line_1_36' title="bbox 311 3312 2340 3384; baseline 0 -17"><span class='ocrx_word' id='word_1_292' title='bbox 311 3313 679 3384; x_wconf 75' lang='grc' dir='ltr'><strong><em>ἐπῃωρῆσθαι</em></strong></span> <span class='ocrx_word' id='word_1_293' title='bbox 725 3313 767 3370; x_wconf 79' lang='grc' dir='ltr'><strong><em>(Ι</em></strong></span> <span class='ocrx_word' id='word_1_294' title='bbox 820 3312 1201 3382; x_wconf 76' lang='grc' dir='ltr'><strong><em>ἐπηωρεῑσθαι</em></strong></span> <span class='ocrx_word' id='word_1_295' title='bbox 1246 3328 1279 3368; x_wconf 82' lang='lat' dir='ltr'>v</span> <span class='ocrx_word' id='word_1_296' title='bbox 1329 3316 1348 3382; x_wconf 89' lang='grc' dir='ltr'><strong><em>ΙΙ</em></strong></span> <span class='ocrx_word' id='word_1_297' title='bbox 1394 3314 1568 3367; x_wconf 76' lang='grc' dir='ltr'><strong><em>αὐτοῦ</em></strong></span> <span class='ocrx_word' id='word_1_298' title='bbox 1615 3313 1750 3370; x_wconf 70' lang='lat' dir='ltr'><strong><em>fluv</em></strong></span> <span class='ocrx_word' id='word_1_299' title='bbox 1793 3316 1812 3382; x_wconf 79' lang='grc' dir='ltr'><strong><em>ΙΙ</em></strong></span> <span class='ocrx_word' id='word_1_300' title='bbox 1866 3315 2256 3383; x_wconf 75' lang='grc' dir='ltr'><strong><em>δειματεῖσθαι</em></strong></span> <span class='ocrx_word' id='word_1_301' title='bbox 2303 3314 2340 3367; x_wconf 87' lang='grc' dir='ltr'>Ε</span> 
     </span>
     <span class='ocr_line' id='line_1_37' title="bbox 384 3381 2268 3454; baseline 0.002 -18"><span class='ocrx_word' id='word_1_302' title='bbox 384 3388 448 3436; x_wconf 93' lang='grc'><strong><em>11</em></strong></span> <span class='ocrx_word' id='word_1_303' title='bbox 490 3382 520 3437; x_wconf 85' lang='grc' dir='ltr'><strong><em>ὁ</em></strong></span> <span class='ocrx_word' id='word_1_304' title='bbox 558 3398 663 3438; x_wconf 89' lang='lat' dir='ltr'><strong><em>om.</em></strong></span> <span class='ocrx_word' id='word_1_305' title='bbox 706 3387 742 3440; x_wconf 92' lang='grc' dir='ltr'>Ε</span> <span class='ocrx_word' id='word_1_306' title='bbox 777 3386 796 3454; x_wconf 84' lang='grc' dir='ltr'><strong><em>ΙΙ</em></strong></span> <span class='ocrx_word' id='word_1_307' title='bbox 836 3381 1209 3453; x_wconf 76' lang='grc' dir='ltr'><strong><em>Ἀναξαγόρας</em></strong></span> <span class='ocrx_word' id='word_1_308' title='bbox 1246 3386 1282 3439; x_wconf 92' lang='grc' dir='ltr'>Ε</span> <span class='ocrx_word' id='word_1_309' title='bbox 1395 3389 1459 3437; x_wconf 86' lang='grc'><strong><em>13</em></strong></span> <span class='ocrx_word' id='word_1_310' title='bbox 1497 3403 1720 3454; x_wconf 79' lang='grc' dir='ltr'><strong><em>προεγκ.</em></strong></span> <span class='ocrx_word' id='word_1_311' title='bbox 1754 3386 1790 3439; x_wconf 86' lang='grc' dir='ltr'>Ε</span> <span class='ocrx_word' id='word_1_312' title='bbox 1842 3403 2094 3453; x_wconf 87' lang='grc' dir='ltr'><strong><em>προκειμ.</em></strong></span> <span class='ocrx_word' id='word_1_313' title='bbox 2137 3384 2268 3441; x_wconf 74' lang='grc' dir='ltr'><strong><em>0ον</em></strong></span> 
     </span>
     <span class='ocr_line' id='line_1_38' title="bbox 314 3451 2339 3524; baseline 0.001 -17"><span class='ocrx_word' id='word_1_314' title='bbox 314 3459 378 3507; x_wconf 83' lang='grc'><strong><em>15</em></strong></span> <span class='ocrx_word' id='word_1_315' title='bbox 419 3471 523 3508; x_wconf 90' lang='lat' dir='ltr'><strong><em>om.</em></strong></span> <span class='ocrx_word' id='word_1_316' title='bbox 566 3454 656 3512; x_wconf 84' lang='grc' dir='ltr'><strong><em>ΗΟ</em></strong></span> <span class='ocrx_word' id='word_1_317' title='bbox 746 3460 811 3509; x_wconf 80' lang='lat'><strong><em>17</em></strong></span> <span class='ocrx_word' id='word_1_318' title='bbox 849 3451 1018 3509; x_wconf 83' lang='grc' dir='ltr'><strong><em>τείνει</em></strong></span> <span class='ocrx_word' id='word_1_319' title='bbox 1058 3454 1335 3514; x_wconf 55' lang='grc' dir='ltr'>θωΕῦων</span> <span class='ocrx_word' id='word_1_320' title='bbox 1422 3461 1487 3509; x_wconf 90' lang='grc'><strong><em>18</em></strong></span> <span class='ocrx_word' id='word_1_321' title='bbox 1526 3453 1699 3524; x_wconf 74' lang='grc' dir='ltr'><strong><em>λέγων</em></strong></span> <span class='ocrx_word' id='word_1_322' title='bbox 1736 3455 1827 3510; x_wconf 57' lang='grc' dir='ltr'><strong><em>Αω</em></strong></span> <span class='ocrx_word' id='word_1_323' title='bbox 1916 3460 1979 3510; x_wconf 87' lang='grc'><strong><em>19</em></strong></span> <span class='ocrx_word' id='word_1_324' title='bbox 2020 3455 2267 3523; x_wconf 78' lang='grc' dir='ltr'><strong><em>οὐρανὸν</em></strong></span> <span class='ocrx_word' id='word_1_325' title='bbox 2294 3455 2339 3510; x_wconf 84' lang='grc' dir='ltr'><strong>Α</strong></span> 
     </span>
     <span class='ocr_line' id='line_1_39' title="bbox 383 3523 2339 3597; baseline 0 -18"><span class='ocrx_word' id='word_1_326' title='bbox 383 3531 451 3579; x_wconf 83' lang='grc'><strong><em>20</em></strong></span> <span class='ocrx_word' id='word_1_327' title='bbox 487 3523 656 3595; x_wconf 84' lang='grc' dir='ltr'><strong><em>μέσον</em></strong></span> <span class='ocrx_word' id='word_1_328' title='bbox 692 3529 788 3581; x_wconf 82' lang='grc' dir='ltr'><strong><em>καὶ</em></strong></span> <span class='ocrx_word' id='word_1_329' title='bbox 814 3529 908 3596; x_wconf 64' lang='lat' dir='ltr'><strong><em>ffl-</em></strong></span> <span class='ocrx_word' id='word_1_330' title='bbox 943 3528 979 3581; x_wconf 87' lang='grc' dir='ltr'>Ε</span> <span class='ocrx_word' id='word_1_331' title='bbox 1005 3529 1024 3596; x_wconf 89' lang='grc' dir='ltr'><strong><em>ΙΙ</em></strong></span> <span class='ocrx_word' id='word_1_332' title='bbox 1050 3525 1349 3596; x_wconf 83' lang='grc' dir='ltr'><strong><em>τεταμένον</em></strong></span> <span class='ocrx_word' id='word_1_333' title='bbox 1378 3528 1535 3597; x_wconf 81' lang='lat' dir='ltr'>(corr.</span> <span class='ocrx_word' id='word_1_334' title='bbox 1567 3542 1635 3579; x_wconf 84' lang='lat' dir='ltr'><strong><em>ex</em></strong></span> <span class='ocrx_word' id='word_1_335' title='bbox 1660 3528 1775 3595; x_wconf 85' lang='lat' dir='ltr'><em>-ov)</em></span> <span class='ocrx_word' id='word_1_336' title='bbox 1807 3528 1843 3581; x_wconf 95' lang='grc' dir='ltr'>Ε</span> <span class='ocrx_word' id='word_1_337' title='bbox 1952 3531 2018 3580; x_wconf 82' lang='lat'><strong><em>21</em></strong></span> <span class='ocrx_word' id='word_1_338' title='bbox 2058 3524 2339 3593; x_wconf 77' lang='grc' dir='ltr'><strong><em>ἀναιωρή-</em></strong></span> 
     </span>
     <span class='ocr_line' id='line_1_40' title="bbox 311 3596 758 3665; baseline 0.009 -16"><span class='ocrx_word' id='word_1_339' title='bbox 311 3613 445 3664; x_wconf 91' lang='grc' dir='ltr'><strong><em>μασι</em></strong></span> <span class='ocrx_word' id='word_1_340' title='bbox 478 3596 683 3665; x_wconf 86' lang='grc' dir='ltr'><strong><em>πέτρον</em></strong></span> <span class='ocrx_word' id='word_1_341' title='bbox 722 3600 758 3653; x_wconf 90' lang='grc' dir='ltr'>Ε</span> 
     </span>
    </p>
   </div>
  </div>
 </body>
</html>
