2646 3882
339 227 469 290 174
1236 225 1461 318 Scholiaf

336 392 556 472 πηδόσι
600 389 1063 473 δεδροσισμὲνος.
1200 394 1255 452 Ι).
1302 391 1496 454 ἀκτῖσι
1551 389 1616 453 δὲ
1669 392 2130 473 παμπορφύροις
2175 385 2359 472 εἶπεν,

337 481 539 558 ἐπειδὴ
585 489 704 542 τῶν
748 482 858 544 ἴων
912 480 983 542 τὰ
1029 479 1136 562 μὲν
1182 480 1580 561 ὑπολευκίζει,
1632 479 1702 542 τὰ
1750 478 1814 542 δὲ
1859 491 2140 562 πορφυρᾶ
2183 479 2358 543 ἐστιν.

126 590 337 647 acuto
476 575 553 632 91
580 591 625 631 ο.
673 571 1231 652 παμπορφύροις
1266 569 1573 632 ἀκτῖσινε
1619 568 1861 642 ἀκτῖνας
1898 567 2046 650 λέγει
2081 569 2184 642 τὰς
2209 567 2359 632 ἀπο-

335 659 662 732 πιπτούσας
688 711 693 716 .
715 659 831 720 ἀπὸ
886 668 1005 722 τῶν
1060 657 1301 721 ἀνθέων
1357 659 1623 741 δρόσους.
1769 661 1824 718 d.
1879 656 1920 739 ’ἢ
1973 657 2359 737 λαμπηδόνας

335 758 453 810 τῶν
498 747 726 809 ἀνθῶν.
2414 767 2438 808 5

280 858 312 901 A
476 840 555 897 92
578 857 629 897 a.
695 839 736 918 β
746 835 1203 918 εβρεγμένοςι
1247 834 1507 898 τουτέστι
1553 834 1999 917 δεδροσισμὲνος
2036 830 2356 909 ἕν”αὐτοῖς

422 927 479 988 Ι).
524 925 865 1004 Ζηνόδοτος
908 926 1122 1008 γράφει
1166 923 1299 987 ἀντὶ
1352 935 1459 988 τοῦ
1506 923 1897 1006 βεβρεγμένος
1945 973 1957 985 .
1989 973 2002 985 .
2032 972 2045 986 .
2077 971 2092 986 .

336 1036 383 1075 ο.
432 1013 673 1087 ἀκτῖνας
722 1012 783 1076 δὲ
832 1013 949 1094 ἔφη
995 1013 1100 1087 τὰς
1146 1013 1596 1100 ἀποπιπτούσας
1640 1013 1756 1076 ἀπὸ
1793 1024 1912 1075 τῶν
1948 1013 2186 1077 ἀνθέων
2223 1015 2356 1099 δρό-

332 1122 475 1176 σους
523 1097 725 1186 (Hom.
763 1100 821 1170 Ξ
850 1103 1029 1179 351)·
1078 1102 1348 1184 στιλπναὶ
1393 1097 1449 1164 δ’
1489 1103 1736 1165 ἔπιπτον
1780 1101 1986 1186 ἐέρσαι.

219 1205 295 1257 8⁸¹
471 1197 552 1254 92
575 1195 629 1253 d.
696 1185 1255 1276 (βεβρεγμένοςε)
1304 1190 1769 1274 δεδροσισμένος.
2383 1211 2437 1251 10

279 1303 311 1346 A
475 1284 555 1342 93
579 1303 631 1343 a.
694 1283 1200 1361 κατεφάμιξενε
1256 1281 1356 1343 διὰ
1402 1280 1466 1343 τὸ
1513 1279 1579 1342 ἐν
1623 1279 1842 1342 ἄνθεσι
1884 1281 2214 1364 τετράφθαι
2234 1279 2356 1342 ''Ioe—

332 1393 441 1450 μος
485 1369 715 1450 ἐκλήθη
760 1369 877 1432 ἀπὸ
922 1379 1039 1432 τῶν
1084 1370 1195 1432 ἰ’ων
1238 1379 1358 1432 τῶν
1401 1369 1538 1452 περὶ
1581 1369 1757 1454 αὐτῷ.

122 1477 328 1535 aeneo
468 1463 548 1521 93
569 1460 624 1518 b.
690 1458 761 1520 τὸ
806 1457 927 1520 καὶ
969 1459 1478 1539 κατεφάμιξενι
1523 1457 1656 1520 ἀντὶ
1699 1467 1806 1520 τοῦ
1845 1456 1944 1519 διὰ
1978 1458 2044 1520 τὸ
2081 1465 2204 1532 τοῖς
2238 1459 2354 1532 ἴοις
2423 1515 2432 1525 ,

333 1548 707 1629 δροσίζεσθαι
750 1547 935 1610 αὐτὸν
979 1545 1221 1622 ἀστείως
1264 1547 1364 1609 καὶ
1393 1544 1607 1628 Ἴαμον
1650 1552 1978 1609 καλεῖσθαι.

277 1657 309 1700 Α
473 1639 553 1698 95
576 1657 629 1698 a.
692 1631 879 1698 τοῦτ’
920 1631 1175 1717 ὄνυμαε
1230 1635 1364 1698 ἀντὶ
1408 1646 1515 1699 τοῦ
1567 1635 1770 1716 ὄνομα.
1906 1636 1962 1694 Ι).
2009 1634 2073 1697 τὸ
2120 1633 2348 1696 ἀθάνα-
2381 1655 2434 1696 15

330 1748 435 1786 τον
480 1725 570 1786 ὅτι
624 1726 941 1807 διαβόητος
992 1719 1095 1806 ἦν·
1158 1723 1199 1806 ἢ
1245 1726 1334 1787 ὅτι
1377 1723 1436 1800 ἐξ
1483 1724 1668 1787 αὐτοῦ
1714 1725 1866 1787 πολὺ
1910 1721 2082 1806 γένος
2125 1723 2350 1806 ἐγένετο

328 1823 447 1875 τῶν
497 1808 785 1894 Ἰαμιδῶν.
933 1836 980 1876 ο.
1036 1813 1438 1877 άθάνατοντ
1495 1814 1595 1875 διὰ
1647 1814 1710 1876 τὸ
1767 1807 1872 1874 ἀπ’
1913 1813 2098 1876 αὐτοῦ
2143 1819 2352 1894 κεκλῆ-

334 1909 482 1965 σθαι
525 1904 667 1977 τοὺς
708 1897 983 1983 Ἰαμίδας.

164 2013 330 2069 Βοεο
469 1996 549 2055 95
572 2014 624 2053 a..
697 1989 882 2055 τοῦτ’
934 1988 1143 2073 ὄνυμ’
1194 1992 1590 2055 ἀθάνατονε
1656 1991 1756 2054 διὰ
1807 2002 1997 2055 τοῦτο.
2139 1994 2194 2053 b.
2253 1992 2351 2054 διὰ

328 2081 394 2144 τὸ
440 2082 579 2156 τοὺς
620 2076 878 2163 Ἰαμίδαις
924 2079 1321 2164 [ἀθανάτους]
1373 2076 1480 2143 ἀπ’
1519 2081 1706 2144 αὐτοῦ
1750 2086 2073 2143 καλεῖσθαι.
2378 2100 2433 2140 20

275 2193 307 2236 A
470 2175 551 2233 95
574 2193 621 2235 e.
665 2182 989 2253 τερπνᾶς
1050 2165 1107 2232 δ’
1160 2171 1340 2233 ἕπείτ
1397 2178 1591 2245 καλῶς
1648 2165 1774 2233 εἶπε
1832 2180 2084 2254 τερπνῆς
2140 2189 2351 2253 χρυσο-

332 2262 628 2340 στεφάνου
674 2262 929 2344 καρπόν·
980 2260 1046 2322 ἐν
1090 2260 1202 2342 γὰρ
1246 2270 1318 2346 τῇ
1365 2258 1524 2345 ἀκμῇ
1569 2270 1675 2323 τοῦ
1722 2261 1989 2340 σώματος
2036 2261 2100 2323 οἱ
2137 2258 2351 2343 ἄνδρες

328 2348 399 2410 τὰ
442 2348 628 2412 τέλεια
672 2359 984 2431 φρονοῦσι.
1116 2350 1173 2409 d.
1218 2348 1478 2431 τερπνὴν
1534 2346 1598 2411 δὲ
1653 2348 1755 2411 καὶ
1810 2347 2175 2427 εὐστέφανον
2218 2348 2351 2414 ἐκά-

328 2443 454 2500 λεσε
498 2437 609 2518 τὴν
654 2438 853 2519 ἀκμὴν
898 2448 1003 2501 τοῦ
1051 2439 1315 2517 σώματος
1364 2438 1462 2499 διὰ
1507 2436 1572 2499 τὸ
1617 2438 1848 2519 ἐπίχαρι
1893 2437 2088 2517 αὐτῆς.

118 2546 326 2604 aeneo
464 2530 544 2590 95
568 2549 615 2589 e.
680 2537 981 2609 τερπνᾶς
1035 2527 1240 2607 ’ἥβαςτ
1295 2526 1386 2588 ὅτι
1437 2526 1504 2588 ἐν
1561 2528 1742 2611 ταύτῃ
1789 2528 2036 2607 μάλιστα
2086 2525 2159 2587 τὰ
2203 2524 2349 2605 ἡδέα
2377 2544 2429 2583 25

328 2622 451 2689 τοῖς
497 2614 842 2697 ἀνθρώποις
886 2618 1125 2698 γίνεται.
1260 2618 1301 2675 f.
1347 2624 1654 2696 τερπνᾶς
1693 2610 1750 2676 δ’
1791 2614 1942 2677 ἐπεὶ
1977 2632 2348 2695 χρυσοστε-

474 2828 501 2877 1
542 2819 727 2877 ἀκτίσι
871 2828 901 2875 2
938 2821 1209 2891 πορφυρά
1353 2826 1386 2875 3
1423 2822 1460 2877 l.
1501 2839 1605 2875 om.
1648 2821 1684 2877 0
1713 2822 1731 2891 ΙΙ
1767 2816 1986 2875 ἀκτίσιν
2023 2821 2080 2873 et
2115 2816 2348 2882 ἀκτίνας

332 2895 476 2950 Bne
574 2899 609 2947 4
636 2892 865 2950 ἀνθέων
895 2896 952 2948 eb
980 2899 1011 2947 ὅ
1040 2894 1242 2948 ἀνθῶν
1270 2909 1462 2947 omnes
1553 2899 1602 2946 4.
1621 2897 1652 2945 5
1683 2890 1718 2960 ἢ
1744 2890 1848 2960 τὴν
1876 2889 2209 2961 λαμπηδόνα
2233 2898 2346 2944 τῶν
2464 2891 2473 2900 “

328 2963 556 3021 ἀνθέων
596 2967 657 3021 b·
784 2971 813 3019 7
852 2965 956 3019 lac.
995 2965 1111 3019 ind.
1148 2964 1338 3033 Bergk
1375 2964 1561 3034 (item,
1600 2964 1699 3017 sed
1733 2963 1864 3033 post
1899 2960 2122 3033 γράφει,
2151 2963 2230 3031 h);
2268 2960 2345 3013 id.

328 3037 487 3105 (πᾶν
532 3046 688 3105 σῶμα
734 3035 985 3109 ἁβρόν),
1040 3035 1430 3089 Schneidewin
1475 3034 1872 3106 βεβραγμένος,
1933 3032 2350 3086 Rauchenstein

330 3108 417 3177 (N.
438 3108 603 3161 Jhbb.
626 3113 711 3177 91,
733 3110 857 3178 656)
884 3106 1277 3177 πεφραγμένος
1305 3106 1487 3176 suppl.
1599 3112 1630 3159 9
1659 3104 1978 3160 ἀπέπιπτον
2006 3103 2164 3158 codd.
2185 3102 2348 3157 Hom.

328 3178 636 3235 ἐπέπιπτον
674 3197 715 3233 ει.
754 3178 1063 3234 ἀνέπιπτον
1100 3178 1303 3232 Zenod.
1490 3184 1554 3231 12
1596 3178 1748 3251 αὐτῷ
1775 3193 1905 3247 ego:
1945 3176 2137 3237 αὐτοῖς

331 3256 397 3304 13
434 3250 533 3304 καὶ
569 3266 676 3304 om.
717 3251 851 3306 Bcv
1016 3254 1083 3304 14
1119 3251 1249 3319 post
1284 3252 1584 3305 καλεῖσθαι
1618 3247 1891 3303 nonnulla
1928 3246 2200 3301 excidisse
2235 3245 2346 3300 vid.

332 3326 397 3373 15
436 3318 617 3389 ὅνυμα
652 3336 783 3390 ego:
823 3320 999 3390 ὄνομα
1146 3326 1211 3375 19
1250 3317 1414 3391 ὄνομ’
1449 3322 1544 3390 ΕἸΙ
1591 3320 1690 3374 διὰ
1725 3328 1888 3374 τοῦτο
1927 3318 2136 3389 (glossa
2173 3318 2249 3371 ad
2282 3317 2348 3372 τὸ

326 3390 637 3460 perizinens)
674 3390 772 3445 διὰ
807 3392 870 3447 τὸ
909 3392 974 3449 ss:
1022 3391 1119 3447 διὰ
1152 3392 1216 3447 τὸ
1244 3394 1292 3447 »Β
1308 3394 1346 3448 D
1393 3390 1492 3446 διὰ
1527 3399 1692 3446 τοῦτο
1733 3393 1770 3447 Ε
1912 3395 1981 3444 20
2019 3388 2352 3453 ἀθανάτους

329 3478 435 3515 om.
476 3464 508 3516 h
558 3462 705 3531 (cum
742 3463 784 3517 A
966 3468 1051 3516 21.
1073 3468 1139 3517 22
1214 3462 1676 3533 ρυσοστεφ(άνου)
1839 3467 1908 3516 23
1951 3460 2016 3515 ft.
2054 3461 2126 3517 τὰ
2161 3461 2352 3532 γένεια

330 3532 538 3601 φύουσι
664 3537 730 3585 25
768 3534 931 3604 ηβας]
971 3530 1026 3589 δ’
1061 3534 1156 3589 ἐπε
1220 3534 1311 3592 Du
1447 3540 1516 3589 26
1551 3534 1588 3587 1.
1622 3534 1712 3590 ΒΕ
1750 3532 2012 3604 (τερπνὰς
2047 3535 2107 3589 et
2144 3534 2237 3589 ἐπὶ
2267 3536 2348 3604 Ε)ε

330 3602 503 3666 ἄλλως
539 3602 629 3659 GD
686 3603 881 3667 ἄλλως·
920 3612 1160 3673 τερπνᾶς
1194 3602 1253 3659 δ’
1286 3604 1409 3661 ε’πεί
1446 3605 1487 3663 ss
