2646 3882
923 246 1264 316 Hypothesis
1303 246 1687 316 Olympiorum
2284 247 2319 310 7

279 437 413 475 νων
475 414 588 476 οὐκ
647 412 839 494 ἔτυχε,
910 413 1262 495 συναγαγὼν
1323 413 1716 495 στρατόπεδον
1776 414 1879 476 τόν
1937 437 1995 475 τε
2052 414 2319 496 Αὐγείαν

284 502 534 577 φονεύει
577 502 677 564 καὶ
722 502 832 582 τὴν
863 491 1040 564 Ἦλιν
1084 504 1461 585 παρίσταται,
1506 502 1607 576 καὶ
1651 503 1861 564 πολλὰ
1880 503 2118 584 λάφυρα
2158 525 2321 584 περι-

283 592 689 672 ποιησάμενος
750 591 951 673 ἀγῶνα
1018 593 1221 671 τίθησι
1287 597 1413 665 τοῖς
1470 586 1591 671 μετ’
1644 591 1827 653 αὐτοῦ
1892 592 2317 671 πολεμήσασιν·

284 681 437 742 ὅθεν
495 679 600 742 καὶ
659 681 722 742 τὸ
784 679 928 753 ἔθος
989 682 1302 761 διαμεῖναι.
1404 677 1529 742 ἀλλ’
1586 679 1725 742 οὐδὲ
1785 681 1934 760 αὕτη
1995 680 2221 760 ἔμεινεν
2280 677 2319 760 ἡ

230 793 256 833 5
285 768 494 848 θέσις,
541 768 667 832 ἐπεὶ
712 779 817 849 τῆς
862 771 1171 851 συμβάσης
1215 771 1417 843 αὐτοῖς
1464 771 1798 851 δυσχερείας
1844 768 2180 848 ὑπόμνησις
2224 763 2318 851 ἦν.

283 853 411 919 ἀλλ’
450 855 680 937 Ἴφιτός
716 881 805 932 τις
838 858 938 920 καὶ
974 859 1317 940 Εὐρύλοχος
1354 859 1494 931 τοὺς
1531 859 1855 940 Κιρραίους
1891 858 2320 937 πολεμήσαντες

285 941 484 1031 (οὗτοι
532 945 595 1010 δὲ
646 941 795 1028 ἦσαν
853 949 916 1009 οἷ
961 947 1072 1027 τὴν
1125 949 1391 1028 πάραλον
1437 957 1541 1028 τῆς
1592 948 1864 1020 Φωκίδος
1908 947 2112 1034 λῃσταὶ
2156 945 2320 1008 κατέ-

279 1029 516 1145 χοντες)
563 1035 664 1098 καὶ
707 1036 894 1098 πολλὰ
939 1037 1176 1117 λάφυρα
1221 1036 1680 1118 συναγαγόντες,
1737 1035 1768 1097 ὅ
1824 1033 1932 1116 μὲν
1972 1033 2195 1114 Ἴφιτος
2248 1034 2318 1097 τὰ

279 1119 574 1205 Ὀλύμπια
617 1123 966 1206 κατέβαλεν,
1014 1123 1045 1187 ὅ
1095 1123 1157 1186 δὲ
1201 1150 1274 1187 τα
1319 1127 1559 1188 Πύθια·
1615 1124 1715 1186 καὶ
1761 1126 1982 1204 ταύτην
2027 1125 2320 1204 ἐπιμεῖναι

203 1235 256 1276 1⁰
282 1212 398 1292 τὴν
444 1212 618 1276 θέσιν
666 1211 905 1295 συνέβη.

427 1302 697 1382 Τέθνηκε
745 1301 807 1364 δὲ
855 1301 886 1364 δ
932 1304 1240 1384 Πίνδαρος
1277 1305 1344 1377 ἓξ
1401 1302 1499 1364 καὶ
1544 1301 1827 1381 ἑξήκοντα
1872 1301 2017 1365 ἐτῶν
2060 1301 2318 1384 γεγονὼς

283 1389 382 1452 ἐπὶ
443 1387 728 1472 Ἀβίωνος
791 1389 1071 1472 ἄρχοντος
1135 1391 1282 1454 κατὰ
1342 1391 1451 1470 τὴν
1515 1390 1689 1472 ἕκτην
1750 1391 1850 1454 καὶ
1915 1391 2317 1473 ὀγδοηκοστὴν

282 1481 662 1559 Ὀλυμπίαδα.
745 1479 961 1560 ἤκουσε
1007 1479 1070 1542 δὲ
1117 1482 1480 1560 Σιμωνίδου.

419 1567 454 1630 ὁ
502 1567 565 1631 δὲ
609 1569 899 1644 ἑπινίκιος
943 1564 1018 1632 οὗ
1061 1567 1102 1649 ἡ
1158 1569 1331 1651 ἀρχή·
1385 1567 1657 1651 ’Ἀριστον
1711 1567 1819 1649 μὲν
1865 1571 2057 1650 ὕδωρ,
2110 1569 2314 1652 προτέ-
2346 1587 2510 1646 Exue

203 1681 256 1722 15
284 1681 490 1720 τακται
547 1658 661 1720 ὑπὸ
713 1652 1174 1740 Ἀριστοφάνους
1228 1668 1336 1721 τοῦ
1394 1660 1789 1733 συντάξαντος
1850 1657 1921 1720 τὰ
1975 1658 2316 1739 Πινδαρικὰ

284 1747 384 1807 διὰ
421 1747 485 1809 τὸ
533 1745 818 1828 περιέχειν
863 1758 968 1811 τοῦ
1015 1747 1245 1829 ἀγῶνος
1292 1747 1580 1828 ἐγκώμιον
1617 1747 1717 1809 καὶ
1760 1747 1830 1808 τὰ
1876 1746 2008 1830 περὶ
2050 1759 2156 1810 τοῦ
2194 1747 2315 1810 Πέ-

283 1840 494 1915 λοπος,
541 1834 607 1910 ὃς
642 1846 872 1916 πρῶτος
910 1836 975 1898 ἐν
1001 1833 1198 1898 ’Ἡλιδι
1233 1834 1577 1916 ἠγωνίσατο.
1641 1835 1954 1918 γέγραπται
1992 1835 2054 1898 δὲ
2093 1831 2315 1917 Ἱέρωνι

282 1926 520 2005 βασιλεῖ
545 1927 1006 2007 Συρακουσίων·
1054 1928 1124 1988 αἱ
1155 1923 1217 1988 δὲ
1257 1927 1642 2005 Συράκουσαι
1678 1927 1846 2000 πόλις
1883 1936 1987 2006 τῆς
2015 1927 2312 2001 Σικελίας·

279 2010 352 2087 ὃς
396 2014 496 2076 καὶ
549 2016 782 2095 κτίστης
836 2015 1060 2098 ἐγένετο
1120 2017 1349 2095 Αἴτνης
1406 2016 1657 2095 πόλεως,
1721 2015 1837 2078 ἀπὸ
1894 2014 2073 2097 ὄρους
2132 2017 2313 2096 αὐτῆς

429 2210 456 2258 1
498 2205 601 2258 οὐκ
638 2204 870 2276 ἀνέτυχε
910 2206 947 2261 Ε
982 2207 1001 2274 ΙΙ
1037 2202 1440 2296 στρατόπεδον]
1478 2206 1655 2259 πολυν
1694 2205 1929 2273 στρατὸν
1966 2219 1998 2257 ν
2034 2207 2052 2273 ΙΙ
2087 2203 2311 2275 Αὐγέαν

279 2274 373 2331 ΚΩ
430 2275 611 2344 φονέα
648 2278 693 2331 Θ
873 2282 904 2329 2
960 2284 1027 2346 τῇ
1057 2270 1183 2331 Ἦλι
1219 2279 1264 2330 Θ
1316 2280 1336 2345 ΙΙ
1383 2274 1733 2344 περιίσταται
1769 2276 1814 2330 Θ
1868 2275 2251 2343 παρεστήσατο
2280 2291 2312 2329 ν

272 2347 778 2435 παραστησάμενος
815 2350 846 2403 h
985 2352 1033 2400 2.
1074 2354 1106 2400 3
1159 2346 1687 2419 περιποιησάμενος]
1727 2347 2059 2415 συναγαγὼν
2096 2361 2128 2399 ν
2184 2363 2314 2401 συν-

273 2438 500 2507 αναγαγ
504 2420 582 2473 ὼν
631 2421 708 2473 nb
871 2424 906 2471 4
945 2418 1206 2482 ἔθνος-Θ
1260 2422 1279 2489 ΙΙ
1334 2423 1630 2486 διαμεῖναν
1671 2421 1708 2472 Ε
1763 2416 2038 2486 διέμεινεν
2084 2416 2237 2471 Eust.
2293 2418 2311 2489 ΙΙ

274 2509 420 2558 αντη
462 2492 520 2544 h:
561 2489 699 2557 αὐτὴ
746 2492 766 2559 ΙΙ
812 2490 1002 2560 ἔμενεν
1042 2489 1191 2546 11οΘ
1372 2494 1405 2542 5
1444 2489 1566 2543 ἐπεὶ
1606 2492 1640 2543 Ε
1676 2488 1859 2542 Euan:
1900 2488 1992 2542 ἐπὶ
2036 2490 2056 2557 ss
2096 2488 2309 2579 συμβά-

273 2577 415 2623 σεως
453 2561 498 2615 Θ
543 2563 564 2630 ΙΙ
608 2562 801 2624 αὐτοῖς
839 2561 966 2617 Effl:
1015 2562 1189 2631 αὐτῆς
1226 2560 1393 2617 HKOEP
1403 2561 1492 2615 Θν
1539 2556 1713 2623 αὖθις
1750 2560 1817 2629 ej.
1861 2562 1892 2615 b
1938 2563 1955 2629 ΙΙ
2001 2558 2312 2629 ὑπόμνησις

271 2626 346 2701 ἦν
387 2633 424 2688 Ε
445 2626 551 2721 ἦν
597 2630 910 2702 ὑπόμνησις
953 2631 1136 2686 Eust.:
1193 2632 1517 2721 ὑπόμνησις
1551 2631 1612 2685 δὲ
1659 2626 1731 2700 ἦν
1778 2630 1969 2687 ΚΟΘν
2024 2632 2118 2685 ὑπ.
2167 2632 2228 2686 δὲ
2269 2634 2308 2687 Η

385 2708 418 2756 6
445 2699 661 2773 Ἴφιλος
688 2702 757 2759 0²
903 2709 934 2757 7
977 2704 1230 2772 πάρηλον
1269 2704 1307 2758 ss
1362 2702 1640 2771 παράλιον
1678 2702 1897 2758 ΘΕιιείῑ.
1918 2717 1951 2757 ν
2104 2708 2136 2755 8
2164 2700 2309 2772 Ἴφι-

273 2776 369 2837 λος
421 2772 509 2829 0⁸⁰
708 2780 739 2827 9
797 2774 1120 2865 κατέβαλεν]
1178 2774 1445 2845 κατέλαβε
1492 2777 1537 2828 Θ
1594 2773 1958 2842 συνεστήσατο
2004 2789 2036 2827 ν
2105 2777 2123 2843 ΙΙ
2180 2777 2311 2843 post

272 2845 479 2899 Πύθια
518 2844 647 2899 add.
688 2846 776 2899 Εὐ
779 2846 1011 2916 ρύλοχος
1045 2860 1076 2900 ν
1121 2848 1140 2915 ΙΙ
1183 2846 1416 2929 ταύτην]
1464 2845 1676 2899 τούτων
1716 2846 1752 2899 Ε
1808 2845 1868 2899 ἐκ
1912 2846 2114 2899 τούτου
2154 2861 2183 2899 ν

275 2922 338 2970 11
380 2917 446 2970 δὲ
475 2933 581 2970 om.
615 2916 710 2973 ssO
738 2919 757 2986 ss
785 2920 918 2971 ante
943 2917 1185 2987 γεγονὼς
1212 2917 1342 2971 dist
1374 2920 1412 2971 κ
1440 2921 1457 2983 ΙΙ
1485 2915 1700 3005 γέγονε
1706 2916 1769 2970 δὲ
1801 2922 1837 2970 Η
1866 2918 1885 2985 ΙΙ
1912 2920 2043 2986 post
2057 2918 2311 3007 γεγονὼς

273 2987 403 3041 add.
443 2984 478 3055 ἢ
519 2986 592 3051 ὥς
626 3006 778 3051 τινες
813 2987 1160 3058 ὀγδοήκοντα
1196 3003 1229 3043 ν
1266 2988 1465 3057 (Eust)
1585 2992 1650 3041 12
1683 2984 1939 3057 Ἀβιωνος
1999 2986 2240 3051 Βίαντος
2269 2990 2307 3043 θ

273 3057 490 3122 Βιωνος
547 3062 578 3113 ὴ
636 3055 908 3149 ’Ἅβρωνος
960 3059 1338 3113 Wilamowitz
1391 3058 1561 3113 Arist.
1618 3076 1671 3111 u.
1729 3058 1924 3112 Ath.1
1989 3064 2118 3126 301,
2168 3065 2235 3112 20
2290 3060 2309 3131 Η

271 3130 441 3201 κατὰ]
479 3138 581 3183 τοῦ
619 3150 764 3184 κατα
804 3134 841 3186 Ι(
885 3133 903 3200 ΙΙ
946 3131 1051 3200 τὴν
1091 3132 1126 3186 Ε
1161 3130 1345 3184 Eust.:
1385 3148 1492 3185 om.
1525 3128 1769 3185 HKssOv
1813 3132 1832 3199 ΙΙ
1878 3128 2042 3200 ἕκτην
2068 3132 2167 3184 καὶ
2197 3130 2305 3184 del.

277 3202 306 3256 h
351 3204 372 3270 11
429 3201 834 3273 ὀγδοηκοστὴν]
890 3202 1146 3271 εἰκοστὴν
1203 3204 1240 3256 Η
1426 3207 1491 3254 13
1547 3198 1969 3269 ἤκουσε-Σιμ.
2028 3218 2133 3255 om.
2195 3204 2234 3257 Η
2289 3203 2309 3274 ΙΙ

273 3272 480 3340 ἤκουσε
535 3273 622 3345 δὲ]
676 3274 958 3342 ἀκροατὴς
1007 3272 1070 3329 δὲ
1116 3271 1311 3344 γέγονε
1348 3288 1381 3328 ν
1434 3277 1453 3341 ΙΙ
1506 3270 1831 3361 Σιμωνίδου
1871 3272 2080 3329 ssEust.
2099 3287 2155 3327 ν.
2208 3275 2307 3327 Σι-

268 3342 524 3433 μωνίδης
561 3346 708 3399 ΕΚΘ
855 3350 922 3397 14
978 3344 1065 3415 δὲ]
1102 3346 1302 3413 παρὼν
1342 3346 1377 3399 Ε
1523 3349 1589 3397 15
1644 3339 2075 3411 Ἀριστοφάνους
2108 3352 2208 3397 τοῦ
2246 3359 2303 3399 v:

264 3412 696 3483 Ἀριστοφάνους
735 3417 773 3471 Κ
823 3367 1256 3485 Ἀριστοφάντου
1297 3414 1386 3471 ΕΟ
1437 3414 1611 3469 ἄντοῦ
1656 3416 1701 3467 Θ
1848 3420 1912 3468 16
1968 3413 2227 3483 περιέχον
2267 3417 2305 3468 Ι(

276 3486 326 3553 (ο
363 3503 433 3540 ex
457 3489 630 3576 corr.)
817 3492 880 3539 17
926 3489 1158 3555 πρώτως
1195 3486 1234 3542 (Ι
1416 3490 1483 3539 18
1532 3484 1860 3573 Συρρ.1“θι·θ
1898 3436 2073 3537 codd}²
2104 3435 2203 3552 11χὴ
2242 3483 2305 3537 δὲ

278 3556 654 3626 Συρράκουσα
685 3559 723 3613 Κ
835 3564 899 3612 19
928 3557 1136 3627 Αίτνης
1162 3556 1376 3625 ἐγένετο
1409 3556 1540 3612 Ι(0.ν
1567 3560 1585 3625 ΙΙ
1613 3554 1824 3617 πόλεως
1840 3553 2046 3643 Αἴτνης
2072 3555 2117 3608 Θ
2144 3556 2163 3623 ΙΙ
2192 3554 2303 3607 ἀπὸ

275 3637 373 3683 τοῦ
413 3626 581 3697 ὄρους
608 3644 641 3684 ν
753 3634 818 3682 19
841 3646 920 3697 sq.
960 3630 1131 3699 αὐτῆς
1167 3627 1343 3691 ουτως
1379 3627 1553 3696 αὐτὴν
1587 3629 1647 3681 fi:
1686 3625 1862 3693 αὐτὴν
1901 3644 2077 3686 ουτως
2116 3622 2303 3679 ΚΟΘν
