2646 3882
977 210 1194 282 Olymp.
1225 211 1353 267 VIII
1389 216 1613 266 30—33
1644 234 1647 239 ·
2046 214 2053 221 ’
2168 210 2300 276 245

281 376 704 459 ὑποδεχόμενοι
729 377 862 460 περὶ
887 378 1025 451 τοὺς
1053 376 1323 460 ἀγαθοὺς
1353 376 2049 458 μᾶλλονέσπουδάκασιν.
2149 400 2205 459 g.
2234 377 2297 440 τὸ

284 464 348 527 δὲ
401 466 552 528 πολὺ
607 466 708 528 καὶ
761 472 946 552 πολλᾷ
1009 466 1219 549 ῥέπον,
1280 466 1347 529 τὸ
1400 464 1570 549 γένος
1624 475 1740 528 τῶν
1794 465 2151 548 ἀνθρώπων.
2233 466 2297 529 τὸ

280 552 347 616 δὲ
403 552 756 628 δυσπαλὲς
805 554 922 617 ἀπὸ
975 565 1095 617 τῶν
1151 556 1415 637 δοράτων
1468 554 1581 638 ἔχει
1632 554 1743 634 τὴν
1786 554 2155 667 μεταφορὰν,
2198 554 2300 617 καὶ

283 643 348 705 τὸ
394 642 640 725 ῥέπειν
693 642 809 707 ἀπὸ
863 654 982 705 τῶν
1028 645 1310 707 ἱστάντων
1356 643 1451 706 ἐπὶ
1494 647 1690 757 ζυγοῦ
1783 644 1922 707 ὅταν
1966 644 2078 727 γὰρ
2123 644 2187 707 τὸ
2234 642 2298 705 έν

229 756 254 795 5
279 738 361 817 τῷ
417 734 570 817 ζυγῷ
625 732 882 815 ἐλαφρὸν
937 722 1008 819 ᾗ,
1061 731 1288 815 εὐχερὲς
1345 734 1453 813 τὴν
1499 733 1737 813 ἰσότητα
1779 742 2027 816 γνῶναι
2083 732 2189 795 ἐὰν
2236 730 2299 795 δὲ

279 822 466 903 βαρὺ,
521 820 809 934 δυσχερές.
945 796 1005 883 ‘h.
1063 820 1096 884 ὃ
1153 820 1216 885 δὲ
1270 820 1447 904 λέγει,
1507 822 1775 885 τοιοῦτόν
1831 821 2016 902 ἐστιν,
2072 822 2161 884 ὅτι
2215 823 2298 895 εἰς

281 908 620 992 ὑπερβολήν
665 911 775 972 εἰσι
820 911 1143 993 διακρίνειν
1188 910 1252 973 τὸ
1307 910 1489 973 καλὸν
1542 912 1642 973 καὶ
1688 912 1753 973 τὸ
1810 909 2111 993 δυσχερὲς,
2158 910 2298 993 ὅπερ

277 998 380 1061 καὶ
423 998 584 1081 παρὰ
627 1006 750 1072 τοῖς
795 997 992 1073 ἄλλοις
1035 1000 1285 1081 χαλεπὸν
1331 1001 1637 1079 νομίζεται.

418 1088 743 1168 301.ὅ,τι
803 1088 934 1171 γὰρ
993 1090 1170 1151 πολὺ
1232 1089 1352 1151 καὶ
1408 1094 1631 1174 πολλᾷ
1676 1087 1901 1171 ρέποιε
1963 1088 2263 1170 γνωμικόν
2300 1106 2510 1162 Βοῦεο

205 1201 258 1240 ιο
284 1174 406 1237 ἐστι
447 1176 512 1239 τὸ
555 1177 894 1258 λεγόμενον,
945 1180 1232 1241 συντείνει
1277 1176 1341 1239 δὲ
1386 1178 1471 1251 εἰς
1514 1177 1581 1239 τὸ
1624 1176 1759 1259 περὶ
1802 1179 2137 1285 φιλοξενίας
2180 1186 2300 1238 τῶν

284 1266 640 1346 Αἰγινητῶν.
734 1268 1006 1347 σημαίνει
1059 1265 1123 1329 δὲ
1178 1276 1376 1330 τοῦτο·
1443 1267 1593 1330 ὅπου
1649 1266 1760 1349 γὰρ
1814 1290 1891 1327 αν
1944 1255 1986 1351 ᾖ
2040 1289 2094 1327 τι
2146 1267 2299 1328 πολὺ

280 1354 380 1415 καὶ
443 1360 734 1437 πολλαχοῦ
797 1354 994 1437 ρ”έπειν
1049 1356 1415 1437 δυνάμενον,
1478 1354 1608 1437 περὶ
1668 1364 1773 1419 τοῦ
1828 1357 2100 1417 τοιούτου
2154 1364 2298 1436 προ·

281 1452 496 1522 νοησαι
539 1444 639 1506 καὶ
683 1444 828 1505 κατὰ
884 1445 1103 1526 τρόπον
1149 1446 1537 1525 οἰκονομῆσαι
1590 1444 1691 1507 καὶ
1736 1450 2111 1557 κατορθῶσαι
2155 1444 2291 1506 δυσ-

279 1530 440 1614 χερὲς
485 1539 608 1606 τοῖς
654 1537 891 1606 πολλοῖς
934 1536 1170 1615 γίνεται.
1303 1536 1364 1595 k.
1412 1533 1523 1595 οὐκ
1568 1529 1720 1595 εἶναι
1774 1524 1887 1595 ουν
1936 1550 2122 1613 φησιν
2166 1530 2293 1607 ἀξέ-
2324 1550 2442 1597 uc}

205 1646 256 1685 15
282 1643 429 1695 νους
491 1621 629 1695 τοὺς
692 1622 1016 1703 Αἰγινήτας
1079 1623 1389 1701 καθάπαξ,
1450 1620 1591 1685 ουδὲ
1656 1622 1775 1703 μὴν
1839 1621 2088 1703 ἀκρίτως
2151 1620 2300 1684 ’ὑπο-

285 1709 552 1790 δέχονται
587 1711 726 1785 τοὺς
761 1710 1272 1794 παραγινομένους
1309 1706 1475 1773 οὗτοι
1510 1713 1755 1791 πάντας,
1790 1709 1871 1784 ὡς
1904 1708 1936 1771 ὁ
1967 1708 2300 1792 Τηλέμαχός

281 1817 467 1878 φησιν
513 1798 610 1861 ἐπὶ
653 1809 758 1879 τῆς
806 1800 1160 1880 Πηνελόπης
1208 1794 1276 1883 (υ
1319 1794 1501 1884 131)·

599 1908 842 1986 τοιαύτη
886 1906 997 1990 γὰρ
1044 1906 1153 1988 ἐμὴ
1201 1906 1415 1989 μήτηρ,
1459 1907 1679 1986 πινυτή
1724 1928 1832 1989 περ
1878 1905 2083 1969 ἐοῦσα·

601 1993 942 2076 ἐμπλήγδην
989 1995 1184 2078 ἕτερον
1228 2019 1292 2078 γε
1336 2003 1492 2082 τιμᾷ.

203 2125 256 2164 20
372 2103 412 2160 1.
460 2101 708 2162 δύναται
757 2093 922 2182 [ουν]
970 2103 1034 2164 τὸ
1081 2104 1232 2164 πολυ
1278 2101 1374 2164 ἐπὶ
1418 2113 1525 2164 τοῦ
1571 2101 1744 2184 ὄχλου
1780 2103 2060 2164 τίθεσθαι
2094 2112 2198 2164 τοῦ
2236 2101 2301 2163 ἐν

284 2197 356 2298 τῇ
401 2189 588 2266 πόλει,
634 2184 788 2251 οἷον·
836 2191 987 2252 ὅπου
1032 2190 1189 2253 ἐστὶν
1238 2189 1426 2272 ὄχλος,
1471 2191 1737 2252 ἐνταῦθα
1772 2191 1875 2253 τὸν
1911 2201 2301 2253 κατοικοῦντα

287 2276 460 2357 ὄχλον
505 2286 622 2338 τῶν
660 2280 1083 2361 συμφερόντων
1128 2304 1182 2341 τι
1227 2289 1442 2360 νοῆσαι
1477 2279 1725 2360 χαλεπόν
1764 2275 1938 2341 ἐστιν.
2017 2278 2300 2361 ἀκριβοῦς

284 2365 396 2448 γὰρ
445 2367 713 2441 διανοίας
757 2366 858 2429 καὶ
902 2367 1236 2449 ἠρεμούσης
1279 2368 1380 2429 καὶ
1425 2366 1639 2449 ὀλίγων
1676 2359 1913 2450 ἀνδρῶν
1949 2368 2011 2430 τὸ
2050 2367 2145 2430 ἐπὶ
2180 2390 2301 2429 τοι-

285 2479 474 2534 αυτην
511 2453 830 2536 ἐνεχθῆναι
864 2457 1074 2538 κρίσιν.
1147 2457 1403 2535 πλήθειν
1430 2456 1541 2538 γὰρ
1570 2455 1805 2539 ἀνδρῶν
1834 2458 1986 2518 οὕτω
2016 2455 2164 2535 φασὶ
2190 2457 2299 2536 τὴν

199 2577 253 2619 25
283 2545 543 2626 Αἴγιναν
589 2542 667 2618 ὥς
713 2540 864 2606 εἶναι
907 2543 972 2607 ἐν
1019 2547 1166 2632 αὐτῇ
1213 2543 1306 2625 μζ
1352 2547 1641 2628 μυριάδας
1689 2547 1944 2608 οἰκετῶν.
1999 2564 2230 2608 3⁷13an

419 2637 500 2694 33
522 2654 574 2695 a.
639 2634 900 2715 τεθμὸς
949 2633 1011 2697 δὲ
1056 2637 1255 2717 νόμος.
1319 2635 1523 2717 κρίσις.
1590 2635 1792 2716 δόγμα.
1858 2635 2115 2714 δόκησις.
2322 2653 2355 2709 0

280 2723 334 2782 b.
386 2719 712 2804 ἁλιερκέα
759 2721 820 2784 δὲ
865 2723 1094 2806 χώραν
1140 2725 1249 2804 τὴν
1294 2725 1578 2806 Αἴγιναν·
1625 2734 1807 2803 νῆσος
1852 2725 1976 2806 γάρ.
2038 2742 2143 2798 870

416 2814 497 2872 33
520 2832 567 2873 ο.
632 2812 892 2891 τεθμὸς
931 2812 1004 2875 δέ
1038 2837 1142 2886 τις
1179 2813 1591 2874 ἀθανάτωντ
1638 2812 1721 2874 ἔτι
1755 2812 1903 2888 πρὸς
1938 2812 2007 2874 τὰ
2035 2814 2291 2891 δεδηλω-
2318 2832 2350 2875 Α

281 2898 429 2978 μένα
487 2901 662 2961 τείνει
717 2900 852 2982 περὶ
911 2913 1014 2982 τῆς
1077 2904 1160 2976 εἰς
1219 2902 1363 2984 τοὺς,
1421 2901 1629 2976 ξένους
1688 2901 1881 2962 αὐτῶν
1941 2901 2293 2983 εὐεργεσίας·

421 3079 452 3126 3
489 3071 743 3127 Eust.1L
778 3075 1062 3143 674‚12(?)

421 3238 452 3286 2
492 3229 662 3302 ρέπον
701 3231 924 3302 scripsi.
964 3227 1125 3301 ὁέποι
1153 3233 1195 3288 Α
1233 3232 1315 3302 (τὸ
1355 3231 1491 3302 δὲ(
1454 3233 1526 3302 <o
1502 3230 1644 3306 ,τι>
1680 3233 1865 3288 πολυ.
1925 3230 2127 3303 ,ῥέποι
2157 3234 2211 3303 b)

279 3308 312 3356 5
349 3299 384 3370 ἢ
511 3309 542 3358 9
565 3321 682 3372 sqq.
723 3303 836 3358 soh.
869 3308 936 3356 30
973 3303 1088 3357 i—-l
1123 3319 1233 3358 var.
1272 3303 1401 3358 lect.
1434 3304 1579 3361 GDss
1621 3304 1738 3358 fere
1775 3275 1940 3358 omi-si
2067 3308 2133 3357 13
2168 3301 2293 3371 τρό-

277 3373 414 3445 πον]
451 3373 624 3443 νόμον
664 3377 754 3444 ΕΙ
756 3377 1166 3443 Ικατορθῶσαι
1205 3376 1270 3430 B:
1309 3371 1435 3430 κατ’
1471 3375 1652 3444 ὀρθὸν
1690 3375 1924 3445 (C)DEss
2076 3380 2143 3428 14
2178 3383 2295 3436 τοῖς

279 3461 386 3499 om.
419 3447 455 3500 Ε
481 3446 500 3514 ΙΙ
520 3377 806 3571 γίνεταιὲ.
791 3446 880 3500 ἀεὶ
907 3443 1121 3516 γίνεται
1148 3445 1230 3501 ssv
1341 3452 1407 3502 15
1436 3397 1535 3502 ἀκρ
1512 3448 1681 3530 ριβῶς
1710 3449 1746 3502 Ε
1857 3451 1923 3500 16
1951 3463 2291 3524 παραγενομ.

495 3521 561 3571 20
599 3513 702 3572 οὖν
845 3516 908 3573 δὲ
946 3517 1086 3574 ctu
1121 3535 1228 3573 om.
1267 3520 1337 3584 Α;
1376 3517 1578 3572 seclusi
1705 3524 1771 3572 26
1810 3517 1923 3572 sch.
1964 3522 2077 3569 33³2
2122 3513 2323 3567 etiam·

277 3587 338 3642 in
332 3518 434 3654 EQ
472 3587 570 3642 sed
605 3591 734 3657 post
771 3589 887 3642 33d
