2646 3882
173 1405 344 1462 neno

375 242 461 307 16
1269 239 1497 296 Scholia

367 407 597 489 κέλητι,
654 418 724 494 τῇ
789 405 852 470 δὲ
907 403 1010 488 οη’
1057 401 1407 488 Ὀλυμπιάδι
1459 409 1796 494 τεθρίππῳ,
1848 405 1917 470 ἐν
1960 395 2003 494 ᾗ
2043 401 2402 488 Ὀλυμπιάδι

369 497 652 560 ἐτελεύτα.
685 433 798 559 ῃτὸ
838 495 972 558 δὲ”
939 520 1129 576 ονομα
1172 507 1278 560 τοῦ
1316 506 1603 570 νικῶντος
1650 498 1837 560 ἵππου
1880 495 2199 576 Φερένικός
2243 496 2397 558 ἐστι·

371 586 661 667 μέμνηται
690 584 753 647 δὲ
792 585 978 648 αυτοῦ
1015 587 1385 666 Βακχυλίδης
1420 587 1669 695 γράφων
1706 587 1897 659 οὕτως
1934 581 2036 667 (V,
2067 580 2207 669 37)
2255 586 2398 660 ξαν-

369 675 620 757 θότριχα
647 673 756 756 μὲν
797 673 1120 757 Φερένικον
1143 669 1392 754 Ἀλφεὸν
1428 668 1569 756 παρ’
1610 675 1933 757 ευρυδίναν
1958 680 2161 737 πῶλον
2195 672 2399 736 οἰελλοη

371 765 602 846 δρόμαν
661 758 780 826 εἶδε
823 763 1160 826 νικάσαντα.
1260 789 1339 844 ην
1386 761 1451 824 δὲ
1504 758 1703 845 Ἱέρων
1762 762 2163 845 Δεινομένους
2220 769 2396 837 παῖς·
2454 785 2484 824 5

373 851 774 934 Δεινομένους
819 851 884 914 δὲ
927 853 1136 926 παῖδες
1188 851 1484 934 τέσσαρες·
1548 851 1747 914 Γέλων
1793 849 1991 935 Ἱέρων
2048 853 2399 932 Πολύζηλος

377 944 825 1024 Θρασύβουλος·
897 940 963 1003 τὸ
1024 940 1196 1023 γένος
1258 943 1553 1023 τύραννος
1615 943 2049 1021 Συρακουσίων
2118 951 2237 1002 τῶν
2300 940 2403 1003 ἐπὶ

371 1031 614 1115 Σικελία
631 1045 644 1059 ·
704 1030 841 1092 υἱὸν
886 1027 950 1092 δὲ
993 1029 1120 1112 ἔσχε
1173 1029 1520 1110 Δεινομένη.
1596 1030 1843 1109 νικήσας
1890 1028 1955 1091 δὲ
1999 1029 2069 1092 τὰ
2110 1024 2402 1110 Ὀλύμπια

369 1118 732 1200 ἀνεκήρυξεν
784 1117 996 1180 ἑαυτὸν
1040 1120 1458 1201 Συρακούσιον
1500 1118 1602 1180 καὶ
1653 1120 1973 1198 Αἰτναῖον,
2026 1120 2229 1193 κτίσας
2286 1119 2401 1198 τὴν

369 1206 812 1291 παρακειμένην
860 1203 1063 1288 [πόλιν
1107 1217 1176 1293 τῇ
1232 1205 1501 1293 Σικελία]
1558 1207 1733 1270 πόλιν
1788 1209 2021 1287 Αἴτνην
2073 1205 2402 1288 ὁμώνυμον
2432 1232 2488 1272 10

737 1307 766 1340 <l

372 1304 454 1383 τῷ
499 1294 843 1458 {sualim}
903 1383 1220 1467 γέγραπται
1273 1382 1305 1446 6
1356 1383 1647 1459 έπινίκιος
1705 1382 1925 1465 Ἱέρωνι
1986 1391 2067 1471 τῷ
2130 1383 2404 1458 Γέλωνος

373 1473 611 1560 ἀδελφῷ
657 1474 964 1553 νικησαντι
1009 1476 1170 1536 ἵππω
1221 1472 1419 1552 κέλητι
1472 1474 1583 1553 τὴν
1638 1471 1739 1540 ος
1780 1448 2170 1554 Ὀλυμπιάδα,
2232 1472 2273 1554 ἢ
2318 1472 2403 1547 ὦς

373 1563 526 1626 ἔνιοι
575 1564 804 1643 αρματι.
913 1561 1135 1643 συνέβη
1191 1560 1255 1624 δὲ
1317 1563 1503 1625 αυτὸν
1573 1563 1901 1642 νικήσαντα
1958 1563 2061 1624 καὶ
2120 1562 2233 1642 τὴν
2297 1559 2403 1642 οη’

369 1647 734 1732 Ὀλυμπιαδα
769 1651 834 1713 ἐν
869 1653 1050 1738 ταύτῃ
1085 1657 1434 1732 τελευτῆσαι.
1506 1651 1572 1714 τὸ
1622 1650 1684 1714 δὲ
1730 1651 1919 1732 ὄνομα
1964 1662 2069 1716 τοῦ
2114 1661 2401 1725 νικῶντος
2432 1675 2483 1715 15

376 1743 563 1804 ἵππου
605 1739 921 1820 Φερένικός
957 1738 1130 1802 ἐστιν.
1203 1739 1492 1822 μέμνηται
1536 1739 1601 1801 δὲ
1637 1741 1822 1804 αὐτοῦ
1858 1741 2227 1822 Βακχυλίδης
2260 1742 2401 1822 γρά-

375 1854 514 1909 φων
559 1829 770 1902 οὕτως·
817 1829 1174 1910 ξανθότριχα
1215 1827 1323 1910 μὲν
1374 1827 1697 1911 Φερένικον
1738 1825 1985 1908 Ἀλφεὸν
2040 1825 2182 1911 παρ’
2222 1829 2400 1912 εὐρυ-

375 1920 552 1985 δίναν
595 1923 796 1980 πῶλον
841 1916 1236 2001 ἀελλοδρόμον
1281 1918 1621 1999 νικήσαντα.
1701 1929 1754 1983 1‘1
1770 1939 1802 1982 n

205 2027 419 2084 coeno
515 2014 625 2069 la.
690 2006 984 2089 ἄριστον
1030 2006 1155 2088 μὲν
1199 2009 1425 2088 ’ὕδωρτ
1488 2010 1619 2089 τρία
1661 2008 1729 2071 ἐν
1772 2007 2120 2088 ἀνθρώποις
2165 2005 2197 2069 6
2244 2008 2399 2069 Πίν-

377 2099 554 2179 δαρος
598 2095 807 2177 ἄριστα
851 2090 1000 2158 εἶναι
1037 2096 1209 2179 λέγει·
1256 2096 1497 2180 ἄριστον
1544 2095 1653 2178 μὲν
1696 2098 1860 2179 ὕδωρ
1904 2098 1990 2170 εἰς
2034 2097 2099 2158 τὸ
2148 2099 2276 2178 ζῆν,
2322 2091 2399 2159 οὗ
2429 2120 2481 2159 20

518 2346 547 2394 1
577 2340 829 2411 τῇΑΡΚ·
859 2360 890 2394 τ
890 2338 986 2412 ὴνΙ
1017 2338 1080 2395 δὲ
1107 2356 1212 2395 om.
1238 2338 1423 2412 ΕΙὶοη’
1437 2336 1849 2409 ὈλυμπιάδιΑε
1881 2360 1949 2410 οη
1964 2338 2033 2395 'V
2134 2345 2180 2393 1.
2198 2344 2229 2393 2
2262 2338 2400 2394 έν-

375 2410 626 2467 ἐτελευτα
662 2428 768 2465 om
807 2360 949 2483 [ῠ]ηΕ
1015 2411 1056 2467 ss
1208 2416 1238 2463 2
1289 2410 1402 2465 ἐστι
1438 2411 1505 2466 A:
1554 2427 1659 2465 om.
1806 2417 1837 2463 3
1886 2410 1991 2480 μέμ
1993 2415 2279 2481 νηται-ὅ
2316 2431 2402 2464 νι-

371 2482 624 2551 κήσαντα
659 2482 753 2535 hic
800 2498 906 2536 om.
946 2482 1001 2549 V,
1049 2481 1146 2536 cfr.
1184 2480 1252 2549 b,
1301 2486 1513 2535 16—-18
1683 2488 1717 2535 4
1764 2479 1994 2536 εὐδίναν
2030 2486 2073 2536 Α
2230 2484 2262 2533 ὅ
2317 2480 2403 2537 ἴδε

373 2552 682 2621 νικήσαντα
718 2553 761 2608 A
806 2556 825 2621 ΙΙ
870 2552 900 2607 6
931 2525 1120 2621 Ιέρων
1159 2554 1243 2609 ΕΚ
1371 2558 1402 2607 6
1441 2553 1527 2624 δὲ]
1566 2552 1671 2623 γὰρ
1703 2554 1787 2609 ΕΚ
1829 2556 1851 2623 ΙΙ
1894 2551 2207 2621 Πολύζηλος
2233 2552 2325 2607 AF
2338 2555 2408 2607 Κ

375 2623 736 2715 Πολύβουλος
856 2629 886 2676 7
926 2625 1024 2678 καὶ
1065 2626 1163 2693 Θρ.
1204 2624 1488 2696 [ῠ]ΕΙ“·”ον
1532 2628 1551 2694 Η
1566 2574 1671 2679 γτὸ
1696 2624 1759 2680 δὲ
1798 2622 1959 2693 γένος
1996 2572 2111 2679 PK„
2206 2626 2238 2675 8
2259 2622 2403 2711 ἔσχε

375 2694 440 2749 δὲ
476 2694 605 2749 υἱὸν
643 2692 989 2764 Δεινομένην
1027 2696 1066 2751 V
1227 2701 1258 2749 9
1297 2696 1570 2750 Αἰτναῖον
1607 2697 1705 2750 καὶ
1740 2698 1953 2762 Συρακ.
1995 2694 2078 2749 ΕΚ
2122 2695 2141 2762 ΙΙ
2185 2689 2402 2765 κτίσας]

373 2763 544 2830 κτίζει
580 2765 642 2819 δὲ
683 2767 719 2820 Ε
871 2772 901 2819 9
884 2715 1042 2835 νητὴν
1063 2798 1130 2807 -
1152 2772 1219 2819 10
1264 2759 1499 2837 Αἴτνην]
1536 2766 1701 2820 πόλιν
1737 2765 1956 2835 Αἴτνην
1984 2762 2403 2834 παρακειμένην

371 2844 441 2907 τῇ
479 2834 713 2909 Σικελίᾳ
744 2837 781 2891 D
858 2842 926 2889 10
961 2836 1379 2907 παρακειμένην
1418 2837 1537 2911 (τῷ
1566 2837 1725 2905 ὄρει)
1757 2839 1834 2892 hh
1872 2840 1963 2905 (ex
1998 2853 2138 2891 rece.
2150 2838 2196 2905 ?)
2236 2838 2257 2907 ss
2298 2835 2406 2890 πό-

374 2910 544 2961 λιν-
555 2890 786 3031 Σικελία
815 2907 1017 2961 seclusi
1053 2912 1072 2978 ΙΙ
1105 2909 1198 3032 τί]
1237 2908 1298 2963 ἐν
1334 2916 1402 2978 τῇ
1434 2892 1515 2963 nb
1550 2910 1764 2979 (item5’)
1792 2910 1811 2977 ΙΙ
1836 2907 2000 2962 πόλιν
2038 2924 2145 2962 om.
2176 2908 2358 2963 ΑΡΚΙ·
2385 2907 2405 2979 ΙΙ

375 2977 540 3048 αἴτνη
571 2981 624 3034 Κ.
646 2960 816 3032 -158
853 2979 1050 3033 ordine
1078 2996 1136 3033 sc
1177 2979 1416 3034 oliorum
1445 2980 1519 3033 ad
1554 2980 1720 3034 inser.
1751 2980 1809 3033 et
1836 2996 1912 3033 vs,
1945 2985 1974 3032 1
2014 2978 2125 3032 vid.
2154 2977 2331 3047 praef.

377 3056 444 3103 12
481 3051 612 3118 post
657 3048 831 3113 ἄλλως
873 3050 1039 3105 inser.
1079 3050 1306 3119 ἄριστον
1345 3050 1446 3119 μὲν
1482 3048 1635 3119 υὸωρ
1676 3051 1815 3107 Euo
1852 3050 1911 3119 (i.
1943 3066 1989 3104 e.
2020 3050 2175 3104 Leid.
2207 3049 2253 3114 Q
2282 3052 2335 3120 4)

377 3120 780 3210 ἐπιγέγραπται
817 3137 849 3176 ν
875 3124 895 3191 ΙΙ
924 3118 1174 3184 ἐπίνικος
1203 3124 1241 3177 Η
1356 3127 1421 3175 13
1458 3122 1837 3189 νικήσαντι-
1860 3127 1927 3175 14
1959 3122 2135 3176 αὐτὸν
2171 3137 2279 3175 om.
2312 3124 2351 3175 ὓ

377 3192 496 3264 ος’]
535 3191 628 3263 ον’
666 3192 844 3260 codd„
882 3192 980 3246 cfr.
1021 3193 1095 3246 ad
1129 3211 1184 3261 p.
1218 3198 1301 3260 15,
1332 3198 1398 3246 22
1428 3194 1447 3262 ΙΙ
1482 3212 1517 3261 η
1555 3192 1650 3263 ὡς]
1690 3194 1763 3256 ὡς
1798 3192 1862 3247 δὲ
1893 3194 1929 3248 Ε
2068 3198 2135 3246 14
2180 3192 2278 3245 καὶ
2303 3192 2407 3261 τὴν

376 3278 483 3316 om.
518 3266 554 3319 Ε
583 3266 766 3333 (rece.)
827 3262 931 3333 τὴν
967 3264 1147 3320 0111.ss
1275 3270 1342 3317 15
1378 3265 1601 3319 τὸ--16
1641 3265 1788 3320 ἐστιν
1827 3280 1933 3318 om.
1976 3265 2015 3317 Ι)
2152 3270 2218 3317 16
2258 3263 2407 3317 ἐστιν

377 3350 483 3387 om.
526 3336 562 3389 Ε
599 3338 782 3406 (rece.)
827 3339 848 3405 η
892 3336 1089 3405 αὐτοῦ]
1128 3336 1302 3389 αὐτοῦ
1340 3335 1438 3389 καὶ
1478 3337 1513 3391 Ε
1550 3338 1732 3405 (rece.)
1844 3340 1908 3388 17
1948 3331 2128 3398 ουτως
2164 3351 2269 3388 om.
2312 3336 2348 3389 Ε
2383 3334 2405 3406 ΙΙ

367 3400 418 3457 Ἄ
420 3405 594 3473 λφεὸν
646 3422 752 3460 om.
794 3408 830 3462 Ε
1013 3411 1079 3459 18
1129 3407 1196 3461 ἀε
1200 3404 1479 3475 ροδρόμον
1529 3408 1607 3461 Εν
1660 3409 1679 3476 u
1732 3405 2041 3473 νικήσαντα
2077 3422 2183 3459 om.
2227 3406 2263 3459 Ε

379 3480 446 3528 19
491 3475 529 3529 1.
577 3493 683 3531 om.
726 3477 918 3533 οΕΗο
974 3476 1149 3541 ἄλλως
1192 3494 1401 3546 praem.
1444 3478 1538 3545 ῠΙΙ
1584 3476 1667 3548 ἐν]
1714 3478 1818 3546 ast)
1866 3476 1926 3530 ἐν
1966 3476 2107 3532 Euo
2152 3478 2172 3545 ΙΙ
2216 3474 2247 3529 ὁ
2295 3491 2405 3530 om.

376 3546 544 3613 Beck,
584 3550 662 3603 hh
833 3554 902 3601 20
959 3546 1158 3614 ἄριστα
1204 3543 1350 3602 εἶναι
1392 3545 1573 3673 λέγειέ
1608 3549 1780 3638 ῗησὶν
1826 3542 1973 3601 εἶναι
2022 3548 2058 3601 Ε
2102 3550 2123 3617 ΙΙ
2174 3546 2408 3614 ἄριστον

375 3617 478 3685 μὲν
515 3616 689 3690 υδωρ]
726 3618 789 3673 τὸ
825 3616 978 3686 ὕδωρ
1017 3618 1242 3687 ἄριστον
1278 3618 1381 3687 μὲν
1421 3620 1456 3674 Ε
1610 3620 1760 3685 υδωρ
1797 3616 1898 3686 μὲν
1938 3619 2018 3673 Κν

2618 1547 2625 1590 1
