2646 3882
363 224 452 289 46
633 307 644 322 x
1263 225 1491 280 Scholia

150 409 312 466 ΑΒεο
367 391 628 452 Λάσιον·
685 392 990 454 Χάλκωνα.
1156 394 1209 452 d.
1275 389 1429 465 τινὲς
1486 389 1549 453 δὲ
1607 391 1747 464 τοὺς
1812 389 1889 474 ιγ’
1944 393 2158 466 οὕτως·
2223 391 2400 474 Μέρ-

366 496 596 559 μνωνα·
652 477 1004 543 Ἱππόθοον·
1078 480 1321 542 Πέλοπα
1388 480 1493 542 τὸν
1552 477 1925 543 Ὀπούντιον·
2002 482 2400 563 Εὐρύμαχοντ

364 569 739 651 Εὐρύλοχον·
778 568 1228 648 Ἱππομέδοντα·
1275 571 1535 631 Λάσιον·
1577 570 1896 632 Χάλκωνα·
1928 571 2204 632 Αἰόλιον·
2254 576 2397 652 Τρι-

151 675 396 732 nanto
438 658 728 738 κόρωνον·
772 652 1126 739 Ἀκαρνᾶνα·
1160 652 1522 721 Ἀλκάθουν·
1566 653 1994 748 Ἀριστόμαχον.
2130 681 2179 720 e.
2225 657 2398 723 ἄλλοι

370 744 432 807 δὲ
491 749 558 822 ’ἐξ
633 742 786 810 εἶναι
859 747 1127 828 λέγουσιν
1201 749 1417 821 οὕτως·
1490 749 1888 830 Τρικόρωνον·
1952 742 2395 830 Ἀριστόμαχον·
2458 770 2491 811 5

363 837 768 917 Κυριάνοντα·
817 837 1068 898 Αἴολον·
1117 838 1485 917 Πελάγοντα·
1535 837 1813 918 Κρόνιον.
1888 861 1965 900 119
1988 855 2021 900 ε
2056 855 2212 912 127⁸0

148 942 400 1000 ΑΒουεο
505 929 628 986 129
651 946 707 986 a.
771 923 803 986 ὁ
852 924 1065 1008 μέγας
1111 923 1183 987 δὲ
1227 927 1602 999 κίνδυνοςε
1650 925 1682 988 ὅ
1728 925 1863 1008 περὶ
1905 935 2010 1006 τῆς
2046 936 2244 1007 ψυχῆς
2284 927 2393 1006 δη-

146 1032 352 1088 aneto
389 1013 602 1076 λονότι.
736 1015 792 1074 b.
842 1009 994 1094 οἷον,
1031 1013 1229 1088 οὐδεὶς
1263 1013 1509 1088 ἄναλκις
1546 1013 1829 1094 ὑπομένει
1868 1015 2002 1096 περὶ
2048 1025 2151 1096 τῆς
2188 1025 2395 1096 ψυχῆς

360 1103 758 1183 κινδυνεύειν,
803 1099 926 1164 ἀλλ’
979 1103 1097 1165 ἔστι
1142 1103 1205 1165 τὸ
1253 1114 1524 1166 τοιοῦτον
1572 1102 1792 1182 ἀνδρὸς
1838 1103 2106 1184 ἀλκίμου.
2180 1104 2394 1185 ὅμοιον

359 1197 441 1276 τῷ
486 1186 628 1273 παρ’
661 1189 896 1280 Ὁμήρῳ
945 1186 1058 1276 (Μ
1089 1187 1272 1275 246)·
2418 1215 2481 1256 10

1107 1299 1200 1361 σοὶ
1246 1293 1304 1359 δ’
1338 1299 1411 1361 ού
1460 1297 1593 1372 δέος
1640 1294 1756 1360 ἔστ’
1788 1298 2147 1362 ἀπολέσθαι·

627 1388 701 1450 οὔ
746 1388 856 1470 γάρ
902 1411 992 1450 τοι
1035 1389 1250 1469 κραδίη
1297 1388 1609 1468 μενεδήιος
1654 1387 1793 1450 ούδὲ
1840 1389 2145 1470 μαχῄμων.

359 1533 406 1573 e.
470 1509 683 1586 άλλως·
757 1512 829 1574 τὰ
894 1510 957 1572 δὲ
1029 1511 1383 1574 ἐπικίνδυνα
1453 1521 1571 1574 τῶν
1644 1514 2003 1594 πραγμάτων
2068 1514 2140 1576 οὐ
2205 1513 2392 1576 δεῖται

362 1599 628 1680 ἀτόλμων
683 1601 783 1662 καὶ
838 1599 1067 1662 ἀθλίων
1122 1600 1481 1682 ἀνθρώπων.
1586 1597 1595 1606 ’
1636 1602 1693 1663 d.
1757 1601 1796 1682 ἢ
1852 1603 2062 1675 οὕτως·
2120 1602 2223 1664 τὸν
2279 1601 2388 1664 ἀν-

362 1689 562 1771 δρεῖον
609 1687 787 1771 μέγας
831 1690 1115 1762 κίνδυνος
1159 1691 1607 1770 καταλαμβάνει.
2417 1713 2477 1753 15

144 1795 396 1852 ΑΒῦυεο
501 1782 700 1840 1312..
765 1785 1024 1840 θανεῖν
1080 1772 1136 1840 δ’
1179 1774 1286 1853 οἷς
1342 1778 1643 1861 ἀνάγκας
1708 1777 1773 1840 έν
1828 1777 1892 1841 δὲ
1957 1786 2080 1852 τοῖς
2144 1778 2387 1862 ἀνθρώ-

357 1889 524 1947 ποις,
588 1862 680 1941 οἶς
742 1867 801 1944 ἐξ
849 1866 1112 1949 ἀνάγκης
1174 1868 1238 1930 τὸ
1299 1873 1547 1948 θανεῖν,
1602 1867 1701 1929 διὰ
1766 1869 1823 1929 τί
1885 1868 1959 1947 δή
2015 1892 2101 1943 τις
2166 1867 2388 1945 ἄδοξον

355 1957 422 2021 τὸ
484 1967 670 2039 γῆρας
723 1956 788 2019 ἐν
853 1956 1111 2042 ἀφανείᾳ
1175 1957 1275 2019 καὶ
1330 1956 1540 2043 ἀδοξία
1602 1958 1998 2038 καθεζόμενος
2061 1959 2223 2038 τήκει
2285 1960 2389 2022 καὶ

148 2063 388 2121 nummo
434 2047 841 2108 καταναλίσκει
888 2047 1102 2126 μάτην,
1153 2048 1394 2108 πάντων
1440 2057 1558 2108 τῶν
1594 2053 1791 2108 καλῶν
1832 2042 1840 2129 Ι
1882 2046 2157 2129 ἀμέτοχος
2193 2046 2387 2130 ὑπάρ-

357 2158 504 2215 χων;
639 2136 695 2196 b.
753 2134 966 2208 ἄλλως·
1013 2130 1105 2209 οἷς
1150 2134 1484 2197 ἀποθανεῖν
1531 2135 1780 2218 ἀνάγκη,
1826 2137 1886 2197 τί
1924 2137 2030 2197 καί
2070 2160 2154 2209 τις
2196 2143 2386 2199 καθε-
2414 2158 2475 2198 zo

357 2223 597 2304 ζόμενος
642 2224 761 2286 ὑπὸ
806 2234 914 2286 τοῦ
960 2222 1282 2304 ἀνωνύμου
1319 2225 1514 2306 γήρως
1552 2224 1785 2303 ἕψοιτος
1833 2224 1898 2286 τὸ
1937 2223 2000 2286 δὲ
2047 2223 2120 2286 έν
2158 2226 2384 2312 σκότῳ

355 2314 806 2393 καθήμενος,
861 2312 994 2375 ἀντὶ
1047 2323 1152 2375 τοῦ
1207 2314 1492 2399 ἀκινησία
1536 2313 1636 2375 καὶ
1680 2312 1881 2399 ἀκλεία
1924 2315 2245 2387 καθεστώς,

357 2422 403 2463 c.
460 2400 675 2476 ἄλλως·
740 2403 794 2464 εἰ
847 2402 944 2463 δεῖ
989 2401 1325 2464 ἀποθανεῖν
1376 2402 1480 2464 τὸν
1533 2400 1894 2483 ἄνθρωπον,
1965 2401 2135 2477 ἀξιον
2197 2402 2383 2465 αὐτὸν

141 2507 390 2565 neoto
454 2492 740 2572 γενναίως
796 2488 835 2571 ἢ
881 2489 1140 2573 ἀγεννῶς
1186 2491 1485 2572 βιώσαντα
1528 2496 1815 2553 τελευτᾶν.
1962 2493 2016 2552 d.
2072 2490 2240 2570 ἕψοι
2296 2490 2382 2573 δὲ,

355 2577 484 2641 ἀντὶ
539 2590 644 2641 τοῦ
697 2579 930 2658 ἕψοιτο·
994 2580 1066 2643 οὐ
1121 2579 1232 2661 γὰρ
1285 2578 1419 2659 ἕψει
1472 2603 1560 2653 τις
1615 2579 1678 2641 τὸ
1733 2590 1949 2662 γῆρας,
2004 2574 2129 2641 ἀλλ’
2175 2578 2383 2659 ἕψεται
2408 2600 2467 2641 85

499 2826 526 2874 1
567 2819 782 2889 Λάγιον
819 2820 912 2877 ΑΒ
939 2823 958 2890 ΙΙ
985 2819 1260 2877 Χάλκωνα
1299 2820 1413 2877 GE:
1442 2820 1721 2891 Χάληναν.
1747 2822 1836 2876 vel
1862 2820 2129 2877 Χάλκναν
2166 2822 2209 2877 Α
2263 2822 2381 2877 Λά-

355 2890 510 2947 κωνα
541 2894 580 2947 Β
631 2892 1008 2948 Χαλκώδοντα
1034 2892 1198 2947 Pam.
1313 2898 1360 2945 1.
1382 2898 1413 2945 2
1453 2891 1764 2961 Μέρμνονα
1794 2895 1830 2948 Ε
1939 2900 1970 2947 2
2003 2891 2310 2948 Ἱππόθεον
2342 2896 2378 2949 Ε

498 2969 529 3017 3
568 2964 892 3035 Εὐρύχολον
941 2966 1022 3019 Βν
1049 2966 1068 3034 ΙΙ
1094 2962 1300 3018 Αἴολον
1340 2964 1421 3021 (lv
1558 2968 1607 3017 3.
1636 2970 1671 3017 4
1714 2963 2043 3033 Τρικόρωνα
2081 2967 2120 3020 Β
2176 2962 2380 3033 Τρικό-

354 3055 502 3104 ρανα
533 3037 569 3091 Ε
678 3040 709 3089 ὅ
750 3034 831 3107 ἓξ]
870 3034 1010 3089 ἑπτὰ
1049 3035 1138 3092 ΕΟ
1163 3038 1184 3104 ΙΙ
1211 3034 1388 3099 οὕτως
1424 3052 1530 3089 om.
1572 3035 1715 3092 BEU
1824 3041 1856 3089 6
1885 3033 2176 3104 Κυρίανον
2213 3036 2305 3091 Α““

355 3112 402 3161 7.
426 3112 458 3160 8
497 3104 759 3175 δηλονότι
787 3107 902 3162 GD:
943 3109 1115 3174 δῆλον
1157 3108 1328 3174 δῆλον
1356 3103 1472 3162 ἐστί
1498 3106 1541 3161 Α
1579 3122 1685 3161 om.
1718 3107 1905 3164 BEssv
2014 3111 2047 3159 8
2079 3107 2209 3175 περὶ
2235 3126 2281 3161 τ.
2310 3118 2379 3177 ψ.

353 3177 460 3231 del.
484 3177 608 3231 Chr.
627 3177 931 3232 Schneider
1030 3182 1062 3229 9
1093 3178 1205 3232 ἔστι
1233 3194 1340 3232 om.
1364 3179 1453 3233 ΒΕ
1544 3183 1593 3231 9.
1618 3182 1684 3231 10
1716 3174 1909 3247 ὅμοιον
1936 3179 2028 3251 τῷ]
2058 3177 2112 3232 οἱ
2138 3177 2240 3249 μὲν
2267 3187 2378 3233 τῶν

354 3249 390 3302 Ε
503 3254 566 3302 11
608 3249 700 3320 οὐ]
739 3249 844 3303 οὐδ
874 3250 910 3303 Ε
947 3248 1114 3303 οὐδὲν
1143 3263 1175 3303 ν
1291 3255 1358 3302 12
1396 3248 1666 3320 μαχήμων
1694 3249 1863 3304 ABw:
1902 3247 2158 3320 μαχίμων
2188 3250 2377 3305 ΒωῦΕ

352 3315 564 3389 μαχίμη
604 3319 684 3376 01·
795 3325 859 3373 13
901 3319 1264 3375 ἐπικινδύνου
1304 3322 1341 3375 Ε
1460 3326 1527 3373 16
1564 3318 1787 3389 ἀνάγκα
1824 3338 1931 3374 om.
1974 3323 2061 3375 OD
2185 3326 2249 3373 17
2290 3317 2378 3383 οἷς

351 3405 457 3441 om.
488 3404 535 3454 v,
573 3390 724 3444 undo
755 3396 836 3445 16.
876 3390 927 3445 εἰ
953 3408 1054 3459 pro
1083 3391 1146 3446 ἐν
1175 3390 1242 3459 ej.
1275 3393 1306 3445 h
1334 3393 1355 3459 ΙΙ
1380 3387 1457 3463 τί]
1486 3390 1549 3444 τὸ
1581 3392 1617 3446 Ε
1728 3396 1794 3444 18
1831 3390 1990 3459 τήκοι
2018 3391 2076 3444 et
2105 3396 2171 3445 19
2199 3411 2379 3446 κατα·

352 3457 602 3514 ναλίσκοι
642 3461 728 3516 (2⁸⁶
909 3466 973 3514 19
1011 3459 1216 3534 μάτην]
1263 3480 1371 3516 om.
1414 3466 1452 3517 Β
1508 3460 1741 3531 μάλιστα
1781 3462 1818 3517 Ε
1860 3464 1880 3532 ΙΙ
1924 3461 2176 3533 πάντων]
2223 3463 2374 3531 πρώ-

350 3550 460 3584 των
500 3532 586 3585 ΕΟΡ
627 3532 647 3599 ΙΙ
691 3529 919 3602 μέτοχος
957 3534 992 3587 Ε
1147 3539 1211 3585 21
1251 3531 1425 3603 γέρως
1463 3535 1499 3589 Ε
1543 3535 1563 3601 ΙΙ
1609 3532 1790 3587 σκότει
1828 3533 1869 3590 ss
2021 3538 2088 3586 23
2127 3549 2207 3600 sq.
2248 3551 2377 3603 γεν-

351 3597 524 3663 ναίως
559 3601 732 3657 αὐτὸν
770 3604 806 3657 Ε
963 3610 1031 3657 25
1069 3602 1196 3674 ἕψει
1232 3604 1299 3659 A:
1342 3603 1473 3675 ἕψοι
1510 3605 1561 3673 (o
1600 3619 1668 3656 ex
1706 3620 1843 3658 corr.
1883 3603 1943 3673 ss)
