2646 3882
1045 270 1182 325 Vita
1216 270 1509 326 Thomana
2245 273 2289 338 5

257 435 536 516 Εὔμητιν
581 436 684 498 καὶ
720 438 1147 519 Πρωτομάχην.
1219 435 1471 523 κατῴκει
1507 436 1571 500 δὲ
1607 437 1711 513 τὰς
1753 439 1989 520 Θήβας,
2034 440 2286 519 πλησίον

253 535 362 588 τοῦ
408 527 571 607 ἱεροῦ
616 535 724 606 τῆς
770 524 988 607 μητρὸς
1033 535 1152 589 τῶν
1187 533 1351 588 θεῶν
1386 526 1497 606 τὴν
1535 527 1733 589 οἰκίαν
1770 527 1931 608 ἔχων.
2004 527 2171 608 ἐτίμα
2217 526 2281 590 δὲ

254 615 364 693 τὴν
410 615 560 677 θεὸν
606 614 870 697 σφόδρα,
915 613 1002 677 ὢν
1037 615 1476 696 εὐσεβέστατος,
1519 616 1619 678 καὶ
1654 616 1758 678 τὸν
1797 621 2001 696 Πᾶνα,
2046 617 2146 678 καὶ
2180 616 2285 679 τὸν

251 698 624 783 Ἀπόλλωνα,
680 705 764 777 εἰς
817 701 890 766 ὃν
941 703 1041 765 καὶ
1093 710 1333 766 πλεῖστα
1396 703 1669 786 γέγραφε.
1758 706 2038 786 νεώτερος
2094 703 2155 766 δὲ
2208 699 2289 786 ἦν

203 819 230 858 5
257 795 630 872 Σιμωνίδου,
665 794 1058 875 πρεσβύτερος
1093 791 1157 854 δὲ
1194 794 1583 874 Βακχυλίδου.
1655 793 1803 855 κατὰ
1832 792 1896 856 δὲ
1932 794 2041 873 τὴν
2068 791 2289 874 Ξέρξου

257 882 582 962 κατάβασιν
629 880 848 962 ἤκμαζε
891 891 961 968 τῇ
1005 880 1220 968 ἡλικίᾳ.
1295 881 1550 962 ἐτιμήθη
1597 881 1661 945 δὲ
1706 882 1939 964 σφόδρα
1984 881 2101 943 ὑπὸ
2138 883 2289 950 πάν-

259 994 377 1030 των
419 980 538 1032 τῶν
576 967 882 1049 Ἑλλήνων
940 970 1039 1032 διὰ
1096 971 1162 1033 τὸ
1220 970 1339 1032 ’ὑπὸ
1398 982 1505 1033 τοῦ
1564 971 1926 1045 ’Λπόλλωνος
1985 976 2289 1051 φιλεῖσθαι

259 1059 480 1139 οὕτως,
533 1057 614 1133 ὡς
668 1059 767 1121 καὶ
823 1061 1030 1140 μερίδα
1083 1061 1407 1141 λαμβάνειν
1464 1059 1578 1123 ἀπὸ
1626 1071 1741 1123 τῶν
1786 1057 2289 1142 προσφερομένων

258 1154 342 1233 τῷ
395 1154 556 1234 θεῷ,
618 1148 720 1209 καὶ
772 1147 877 1210 τὸν
931 1147 1086 1230 ἱερέα
1139 1152 1292 1230 βοᾶν
1347 1148 1413 1210 ἐν
1466 1155 1594 1224 ταῖς
1644 1151 1917 1223 θυσίαις·
1978 1150 2289 1229 Πίνδαρον

179 1261 233 1302 ιο
259 1236 358 1298 ἐπὶ
416 1237 480 1299 τὸ
542 1238 785 1299 δεῖπνον
843 1247 948 1299 τοῦ
1005 1243 1174 1300 θεοῦ.
1265 1238 1439 1319 λόγος
1494 1238 1594 1300 καὶ
1648 1239 1750 1302 τὸν
1808 1242 1989 1300 Πᾶνα
2047 1237 2296 1319 εὖρῆσαί

258 1348 401 1388 ποτε
447 1323 668 1411 ᾅδοντα
713 1326 846 1408 περὶ
890 1336 995 1389 τοῦ
1040 1326 1341 1401 Πέλοπος·
1424 1327 1593 1409 λόγος
1649 1325 1712 1388 δὲ
1772 1325 1860 1389 ὅτι
1904 1324 2044 1388 ποτὲ
2089 1332 2288 1388 Λακε-

263 1413 564 1493 δαιμόνιοι
596 1416 896 1490 Βοιωτοὺς
930 1415 1331 1497 ἐμπρήσαντες
1364 1415 1464 1477 καὶ
1505 1417 1709 1496 Θήβας
1744 1415 2063 1497 ἀπέσχοντο
2100 1415 2291 1494 μόνης

259 1513 366 1582 τῆς
425 1504 618 1577 οἰκίας
677 1505 892 1584 αὐτοῦ,
951 1505 1314 1585 θεασάμενοι
1372 1503 1866 1586 ἐπιγεγραμμένον
1925 1505 2027 1567 τὸν
2086 1503 2285 1585 στίχον

261 1601 497 1655 τοῦτον·
567 1594 880 1674 Πινδάρου
933 1604 1038 1656 τοῦ
1097 1604 1465 1674 μουσοποιοῦ
1515 1593 1628 1674 τὴν
1681 1593 1889 1675 στέγην
1944 1593 2025 1674 μὴ
2083 1594 2286 1655 καίετε.

181 1705 234 1746 15
263 1681 404 1761 ὅπερ
451 1681 551 1743 καὶ
584 1681 690 1743 τὸν
725 1676 1108 1764 Ἀλέξανδρον
1145 1682 1284 1762 μετὰ
1320 1683 1502 1745 ταῦτά
1538 1701 1684 1761 φασι
1732 1681 2141 1762 πεποιηκέναι·
2187 1681 2290 1743 καὶ

260 1769 374 1851 γὰρ
435 1765 608 1844 οὗτος
666 1769 967 1853 ἐμπρήσας
1029 1771 1135 1844 τὰς
1201 1771 1409 1852 Θήβας
1468 1771 1657 1851 μόνης
1712 1771 1943 1851 ἐκείνης
1999 1770 2291 1851 ἐφείσατο.

262 1857 577 1941 ἐχθρωδῶς
637 1857 701 1920 δὲ
762 1859 1148 1940 διακειμένων
1206 1870 1326 1922 τῶν
1378 1855 1719 1940 Ἀθηναίων
1776 1861 1923 1943 πρὸς
1976 1861 2116 1935 τοὺς
2167 1862 2290 1940 Θη-

404 2054 437 2102 8
482 2049 647 2103 Paua.
689 2054 740 2103 9.
769 2055 854 2116 23,
883 2056 932 2103 3.
1004 2049 1152 2103 Plut.
1194 2050 1263 2104 de
1301 2065 1426 2104 sera
1461 2068 1612 2105 num.
1648 2049 1797 2104 vind.
1841 2056 1915 2104 13.
2054 2054 2121 2103 15
2166 2050 2287 2103 Art.

261 2120 668 2260 ffifidssffiliol'
699 2125 750 2188 9,
780 2126 862 2175 10.
944 2120 1052 2174 Dio
1090 2121 1214 2175 Chr.
1265 2121 1336 2175 de
1381 2138 1555 2192 regno
1594 2128 1624 2175 2
1660 2140 1715 2191 p.
1746 2126 1813 2174 27
1843 2120 1973 2174 Ddf.
2063 2121 2291 2174 Tzetzes

406 2376 435 2423 1
485 2368 741 2439 Εὔμητιν
781 2370 867 2424 ΕΗ
908 2369 1278 2439 (Πολύμητιν,
1315 2368 1473 2423 ἄλλοι
1510 2368 1574 2424 δὲ
1612 2369 1865 2439 Εὔμητιν
1893 2368 2124 2437 Germ.):
2171 2370 2291 2421 Πο-

261 2440 498 2511 λύμητιν
644 2446 691 2493 1.
724 2446 754 2493 2
801 2439 904 2509 τὴν
951 2440 1056 2494 οἰκ.
1097 2440 1172 2510 ἔχ.
1209 2442 1298 2495 πλ.
1337 2460 1383 2494 τ.
1424 2440 1460 2494 ἱ.
1498 2460 1545 2494 τ.
1575 2461 1627 2510 μ.
1667 2460 1711 2495 τ.
1740 2444 1801 2494 θ.
1832 2442 1877 2495 Θ
2040 2445 2071 2492 2
2108 2439 2289 2510 θεῶν]

258 2516 415 2567 θεῶν
451 2518 552 2579 τῆς
580 2507 738 2574 Ῥέας
773 2510 842 2567 ssb
886 2514 1041 2567 θεῶν
1070 2509 1228 2575 Ῥέας
1263 2527 1295 2565 ν
1323 2514 1343 2581 ΙΙ
1376 2511 1479 2580 τὴν
1515 2512 1619 2566 οἰκ.
1661 2511 1802 2581 ἔχων
1838 2527 1945 2565 om.
1987 2509 2057 2566 (Ρ)
2092 2512 2111 2580 ΙΙ
2148 2509 2288 2581 ἔχων

261 2584 377 2639 EO:
419 2582 562 2652 ἔχων
597 2590 698 2651 τῆς
726 2578 882 2646 Ῥέας
921 2582 1064 2638 ΗΚΠ
1207 2587 1238 2635 3
1293 2582 1399 2651 τὴν
1434 2584 1599 2655 θεὸν]
1636 2583 1845 2652 ταύτην
1882 2582 1953 2639 0¹³
1980 2584 1998 2652 l}
2024 2580 2127 2651 τὴν
2165 2581 2285 2638 Κῦε

257 2655 357 2709 τὸν
396 2656 548 2709 tuo
575 2656 594 2723 u
621 2650 701 2708 ὢν
740 2653 849 2707 εὐσ.
891 2670 996 2710 om.
1037 2652 1106 2709 ab
1277 2659 1310 2707 4
1350 2653 1560 2723 ἔγραφε
1596 2656 1641 2709 Θ
1812 2659 1844 2707 5
1883 2654 1945 2709 δὲ
1982 2653 2080 2707 καὶ
2115 2657 2285 2723 Βακχ.

260 2724 329 2781 ω’
355 2727 374 2794 ΙΙ
399 2724 505 2793 τὴν
542 2733 643 2779 τοῦ
684 2725 748 2783 Ξ.
789 2724 892 2781 ssbv
1035 2731 1066 2780 6
1105 2724 1369 2796 διάβασιν
1405 2724 1560 2780 Euat.
1590 2728 1610 2795 ΙΙ
1633 2725 1737 2795 τὴν
1771 2722 1995 2794 ἡλικίαν
2033 2723 2187 2781 Ηῦῑν

261 2802 289 2849 7
336 2805 452 2851 τῶν
498 2812 605 2849 om.
648 2798 736 2851 ΕΗ
920 2801 966 2849 7.
1015 2800 1048 2849 8
1103 2800 1395 2865 φιλεῖσθαι
1440 2796 1637 2868 οὕτως]
1686 2799 1979 2865 φιλεῖσθαι
2016 2795 2086 2850 (Ρ
2141 2792 2287 2851 οὕτω

260 2870 554 2935 φιλεῖσθαι
589 2881 623 2922 v
768 2871 801 2920 8
838 2865 1038 2937 μερίδα
1073 2886 1119 2921 τ.
1157 2886 1251 2935 πρ.
1289 2871 1367 2940 τῷ
1402 2870 1523 2941 θεῷ
1552 2869 1710 2939 λαμβ.
1749 2883 1781 2921 ν
1926 2871 1957 2919 9
1997 2864 2289 2936 Πίνδαρος

261 2940 306 2993 Θ
342 2938 501 2992 Eunt.
653 2943 720 2992 10
769 2938 834 2993 τὸ
871 2955 976 2992 om.
1017 2940 1062 2993 Θ
1106 2941 1126 3007 Ι,
1169 2943 1246 3011 τῷ
1276 2936 1486 3011 δείπνῳ
1525 2938 1593 2995 ω’
1633 2941 1652 3008 ΙΙ
1691 2943 1767 3011 τῷ
1794 2942 1914 3011 θεῷ
1943 2938 2098 2991 Eust.
2141 2940 2161 3007 ΙΙ
2200 2936 2289 2992 λό-

260 3029 356 3077 γος
375 3041 444 3051 —-
470 3014 534 3063 11
567 3008 829 3073 Πέλοπος
855 3026 962 3063 om.
993 3009 1062 3066 (Ρ
1171 3013 1238 3062 10
1274 3010 1396 3082 καὶ]
1427 3010 1489 3063 δὲ
1517 3010 1614 3063 καὶ
1642 3012 1687 3065 Θ
1714 3012 1733 3079 ΙΙ
1761 3010 2146 3079 εὑρῆσαι-ΙΙ
2176 3007 2289 3063 Πέ-

261 3081 454 3151 λοπος]
495 3077 851 3151 ὀρχήσασθαί
887 3100 1022 3135 ποτε
1063 3081 1162 3135 τὸν
1204 3081 1379 3135 αὐτοῦ
1419 3089 1638 3136 παιᾶνα
1674 3082 1771 3135 καὶ
1810 3078 2030 3150 χαίρειν
2075 3076 2290 3135 ἅδοντα,

260 3160 458 3207 τοῦτον
497 3152 588 3206 ἀεὶ
626 3152 687 3206 ἐν
723 3161 841 3216 τοῖς
878 3150 1030 3220 ὄρεσι
1063 3167 1110 3206 ν.
1180 3150 1468 3205 Nonnulla
1506 3152 1777 3205 excidisse
1814 3153 2055 3221 apparet
2080 3132 2098 3219 ss
2125 3151 2289 3220 εὑρῆ-

263 3224 377 3294 σαι]
450 3223 663 3291 ἀνῆσαι
715 3224 761 3278 Θ
942 3228 1004 3276 11
1072 3221 1237 3294 λόγος
1286 3222 1373 3294 δὲ]
1426 3224 1522 3277 καὶ
1567 3224 1612 3277 Θ
1670 3223 1810 3291 φασὶ
1863 3222 1925 3295 δὲ
1973 3222 2070 3275 καὶ
2114 3237 2146 3275 ν

265 3300 327 3347 12
366 3292 648 3348 Βοιωτίαν
686 3295 731 3348 Θ
759 3297 778 3364 ΙΙ
803 3292 1052 3366 ἀπέσχον
1090 3297 1126 3350 Ε
1247 3298 1330 3347 12.
1372 3298 1437 3347 13
1476 3292 1650 3363 μόνης
1686 3294 1862 3348 αὐτοῦ
1896 3300 1997 3361 τῆς
2032 3290 2215 3354 οἰκίας
2242 3294 2288 3347 Θ

261 3372 356 3433 τῆς
392 3365 500 3419 οἰκ.
543 3364 719 3435 μόνον
757 3366 932 3419 αὐτοῦ
972 3368 1008 3420 Ε
1129 3370 1209 3419 13.
1253 3371 1320 3418 14
1364 3365 1464 3420 τὸν
1504 3362 1689 3435 στίχον
1728 3364 1953 3434 τοῦτον]
1988 3361 2153 3418 τόνδε
2189 3362 2290 3416 τὸν

264 3434 450 3507 στίχον
486 3450 520 3491 v
667 3442 735 3490 14
769 3444 870 3490 τοῦ
909 3452 1014 3491 om.
1057 3438 1092 3492 Ε
1119 3440 1139 3507 ΙΙ
1163 3436 1266 3505 τὴν
1305 3435 1499 3525 στέγην
1540 3436 1763 3492 ΕΗΕΡΘ
1800 3435 1983 3488 Ειιεὴ.;
2029 3433 2133 3501 τὴν
2171 3431 2290 3486 στέ-

263 3526 367 3575 γαν
398 3506 535 3563 Κῦν
569 3506 674 3561 τὰν
714 3506 912 3577 στέγαν
942 3509 974 3561 h
1087 3514 1151 3562 15
1191 3505 1352 3578 ὅπερ]
1384 3524 1564 3575 ωσπερ
1596 3509 1633 3561 Η
1663 3508 1681 3575 ΙΙ
1708 3505 1806 3559 καὶ
1833 3503 2099 3575 γὰρ-16
2140 3499 2290 3571 ἐφεί-

265 3594 395 3632 σατο
435 3594 543 3633 om.
574 3578 646 3634 ω’
679 3582 698 3641 ΙΙ
738 3576 915 3648 μόνης
950 3594 1056 3633 om.
1097 3580 1137 3634 Η
1285 3583 1351 3631 16
1391 3575 1629 3648 ἐκείνης]
1663 3585 1762 3646 τῆς
1790 3572 2008 3631 ἐκείνου
2046 3569 2230 3634 οἰκίας
2255 3584 2289 3625 ν

370 3654 436 3703 17
477 3650 777 3719 ἐχθρωδῶς
816 3652 964 3706 ΕΙΙΨο
993 3664 1050 3705 v:
1091 3648 1310 3719 ἐχθρῶς
