2646 3882
971 209 1190 283 Olymp.
1220 210 1325 266 VII
1361 215 1622 267 98-111
2180 210 2312 277 223

285 377 728 460 συμβεβηκότος
798 375 831 439 6
894 378 1050 452 Ζεὺς
1116 376 1349 459 ἔμελλεν
1415 376 1794 460 ἀναπληροῦν
1855 377 1915 453 ἐξ
1975 377 2155 460 ἀρχῆς
2212 377 2315 440 παὶ

282 463 562 550 (ἄπυρα)
606 472 800 529 ποιεῖν
853 466 925 529 τὰ
977 465 1392 549 πεπληρωμένα
1443 474 1567 541 τοῖς
1620 473 1807 542 θεοῖς.
1950 467 2005 528 b.
2064 467 2316 529 δύναται

285 555 351 619 δὲ
403 556 470 619 τὸ
526 553 851 637 μνασθέντι
905 555 1036 618 ἀντὶ
1090 564 1196 619 τοῦ
1252 554 1644 637 μνασθέντος.
1788 577 1835 618 ο.
1889 553 1931 635 ἢ
1986 555 2315 637 μνησθέντι

283 652 364 733 τῷ
400 642 603 731 Ηλίῳ.

230 756 256 797 5
422 735 620 796 110d.
685 730 1013 814 αμπαλον
1068 732 1317 814 μέλλεν
1361 732 1609 814 θέμεν·
1666 732 2102 816 ἀναπλήρωσιν·
2156 732 2274 795 ἀπὸ
2316 752 2526 808 scuto

282 832 390 887 τοῦ
426 820 751 906 Ὁμηρικοῦ
797 818 899 907 (H
932 816 1113 907 171)
1169 822 1367 909 πλήρω
1421 832 1538 885 νῦν
1580 824 1937 905 πεπάλαχθε.
2072 843 2122 884 ο.
2169 819 2202 883 6
2250 820 2314 884 δὲ

283 921 456 987 νοῦς·
494 909 973 1023 ὑπομνησαμένῳ
1007 910 1071 973 δὲ
1098 916 1178 997 τῷ
1193 886 1379 999 Ἡλίω
1408 910 1822 995 ἀναπλήρωσιν
1848 910 2041 993 ἔμελλε
2067 919 2315 991 πονῆσαι

285 1000 317 1063 6
376 1002 559 1074 Ζεύς·
621 996 748 1063 ἀλλ’
801 1000 914 1067 οὐκ
972 1001 1168 1063 εἴασεν
1225 974 1411 1063 αὐτὸν
1468 1012 1641 1064 τοῦτο
1700 1010 1944 1082 ποιῆσαι
2002 998 2035 1062 6
2078 996 2312 1080 Ἥλιος,

284 1088 488 1170 ἐπειδὴ
533 1083 698 1151 εἶπεν
743 1089 922 1152 ἔνδον
965 1098 1072 1170 τῆς
1114 1090 1424 1169 θαλάσσης
1476 1089 1578 1152 παὶ
1632 1088 1697 1152 ἐν
1749 1094 1830 1175 τῷ
1875 1092 2055 1174 βυθῷ
2102 1084 2311 1171 [ὁρᾶν]

205 1202 258 1242 ιο
285 1177 744 1262 παραυξομένην
785 1177 888 1241 παὶ
931 1176 1306 1259 ἐγειρομένην
1354 1177 1418 1241 ἐπ
1462 1188 1570 1241 τοῦ
1612 1175 1801 1241 πέδου
1841 1176 2134 1259 ἐσομένην
2167 1179 2312 1242 ταύ-

284 1290 396 1347 την
437 1267 551 1351 γὰρ
595 1267 746 1349 πρός
790 1289 850 1329 τε
894 1265 1237 1349 ἀνθρώπων
1280 1268 1726 1350 χρησιμωτάτην
1778 1266 1880 1329 παὶ
1924 1266 2072 1349 πρὸς
2116 1268 2313 1329 πάντα

282 1356 356 1420 τὰ
401 1358 522 1442 ζωα
564 1355 813 1437 εὔβοτον
858 1355 960 1418 παὶ
1004 1354 1291 1438 εὔφρονα,
1336 1355 1455 1419 ἀπὸ
1500 1354 1717 1439 μέρους
1762 1365 1879 1418 τῶν
1914 1355 2248 1438 προβάτων.

422 1419 1088 1531 11οῑ.(αμπαλον·)
1135 1444 1563 1528 ἀναπλήρωσιν.
2313 1455 2391 1509 8⁸¹

424 1539 623 1598 1112„
697 1533 876 1597 ἀλλά
937 1559 1054 1598 νιν
1117 1536 1245 1598 ουπ
1307 1534 1576 1597 εἴασεν.
1650 1533 1794 1595 ἀλλὰ
1864 1542 2039 1597 τοῦτο
2105 1530 2213 1613 μὲν
2278 1531 2371 1598 ὅΑ
2470 1576 2473 1579 -

205 1648 258 1689 15
269 1620 480 1698 Ἥλιος
525 1623 638 1687 οὐκ
681 1622 1034 1736 ἠβουλήθη,
1087 1623 1501 1706 ἀναπλήρωσιν
1545 1622 1825 1707 γενέσθαι
1876 1622 1978 1685 παὶ
2020 1621 2125 1685 τὸν
2168 1620 2316 1685 ἀνα-

287 1713 539 1794 δασμόν·
597 1712 752 1795 ἑώρα
801 1712 915 1795 γὰρ
973 1712 1082 1793 τὴν
1125 1710 1328 1775 Ῥόδον
1374 1711 1816 1793 ἀναβλαστῆσαι
1867 1710 2195 1793 μέλλουσαν
2248 1709 2315 1773 ἐν

285 1812 356 1887 τῇ
400 1802 675 1887 θαλάσσῃ
719 1800 821 1863 παὶ
864 1802 1056 1875 πάσας
1108 1800 1510 1884 ὑπερβαίνειν.
1602 1801 1696 1865 διὸ
1739 1800 1852 1881 τὴν
1894 1801 2159 1883 Λάχεσιν
2201 1800 2333 1881 τὴν,

286 1892 429 1971 μίαν
475 1900 593 1954 τῶν
622 1893 882 1973 Μοιρῶν
927 1890 1039 1970 τὴν
1083 1890 1233 1973 πρὸς
1277 1889 1383 1953 τὸν
1420 1889 1649 1972 δασμὸν
1684 1888 1975 1973 ἁρμόδιον
2011 1888 2312 1954 ἐκέλευσεν

287 1981 448 2066 αὐτῷ
494 1979 792 2062 ἐπικρῖναι
836 1980 945 2060 τὴν
983 1974 1205 2060 Ῥόδον,
1247 1982 1389 2054 τοὺς
1434 1978 1498 2042 δὲ
1544 1981 1729 2054 θεοὺς
1776 1978 1986 2061 ὀμόσαι
2029 1980 2315 2060 πεποίηκε

207 2093 260 2134 20
290 2067 518 2150 μηδένα
571 2075 848 2150 παρερεῖν
902 2066 1051 2149 μηδὲ
1104 2067 1446 2130 ἀναπείσειν
1509 2067 1614 2130 τὸν
1660 2069 1780 2130 Δία
1830 2067 2155 2152 γενομένης
2206 2078 2314 2149 τῆς

287 2158 480 2240 χώρας
523 2154 679 2242 ἄλλῳ
722 2156 841 2219 τινὶ
885 2158 1149 2238 δοθῆναι
1193 2156 1398 2237 αὐτήν.

436 2316 537 2365 110
557 2329 609 2380 3.
665 2310 822 2364 Euat.
859 2309 923 2364 Π.
955 2315 1041 2378 64,
1061 2316 1155 2366 42:
1286 2309 1661 2380 ,ἀναδασμὸν
1697 2309 1874 2435 ἤγουν
1919 2309 2183 2380 δεύτερον
2220 2329 2313 2380 με-

290 2353 1732 2544 Ξὲἶῗὸέεἷέῖζοῗρὲἔῖἰΐῗὶῗῖἷῆρῖἴεξπῗμῖᾆῖᾘ
1756 2385 1977 2507 ''⁰⁰⁶‘'{2}
1992 2381 2022 2436 ἔ
2064 2401 2313 2523 311232]

291 2529 383 2579 29·
435 2524 499 2578 τὸ
537 2524 601 2579 δὲ
638 2522 748 2578 ἄνσ
785 2543 880 2579 ετα
917 2521 1290 2594 συγκέκοπται
1327 2523 1449 2585 ὡς.
1620 2507 1684 2578 τό
1722 2523 1977 2593 ἄμπαλος
2009 2522 2136 2591 ἤτοι
2172 2496 2314 2579 ἀνά-

286 2599 480 2663 παλος,
516 2595 693 2665 ἤγουν
769 2594 1074 2663 νάδασμος,
1111 2594 1142 2650 6
1180 2595 1244 2651 ἐκ
1279 2593 1548 2664 δευτέρου
1583 2594 1762 2659 πάλος
1798 2591 1829 2652 ὅ
1866 2596 1980 2651 ἐστι
2015 2598 2231 2665 κλῆρος.

431 2743 462 2791 2
501 2755 605 2806 sup
647 2736 758 2790 levi
893 2741 926 2791 5
964 2735 1118 2826 μέλλε
1147 2739 1186 2793 Β
1215 2739 1234 2808 ΙΙ
1261 2736 1454 2807 μέλλεν
1489 2736 1680 2826 θέμεν
1703 2755 1809 2793 om.
1842 2736 1879 2794 0
1893 2737 1934 2794 0.
1987 2735 2165 2807 θέμεν
2204 2753 2310 2792 om.

290 2812 327 2867 Ι)
355 2811 376 2880 ΙΙ
403 2809 582 2864 ἀναπλ
621 2828 779 2878 ρωμα
816 2806 855 2863 0
869 2809 907 2863 Β
1018 2814 1049 2862 6
1081 2805 1381 2878 Ομηριποῦ
1420 2808 1643 2879 scripsi:
1666 2805 1908 2878 Ὁμήρου
1934 2810 1953 2878 ΙΙ
1980 2758 2313 2936 πεπάλαχθε

289 2883 351 2937 Ε·
389 2879 756 2951 πεπάλαχθεν
794 2881 833 2935 Β
847 2878 884 2936 0
898 2881 936 2935 Β
991 2879 1361 2951 πεπάλαχθαι
1398 2879 1480 2936 ssv
1624 2885 1653 2933 '1
1693 2877 2027 2950 ἀνακλήρωμ
2030 2901 2067 2935 α
2106 2879 2195 2936 00

291 2957 323 3006 9
363 2952 488 3008 ἐπεὶ
524 2950 811 3022 0011παὶ]
848 2957 1025 3019 νῆσον
1062 2950 1101 3007 0
1128 2953 1148 3021 ΙΙ
1175 2949 1317 3020 ὁρᾶν
1352 2951 1407 3005 h.
1445 2950 1483 3005 l.
1524 2952 1583 3020 Β,
1618 2951 1749 3021 post
1785 2945 1940 3006 εἶπεν
1978 2951 2147 3020 cut,
2184 2952 2314 3020 posi:

283 3022 578 3092 θαλάσσης
615 3020 943 3080 (18601ηεὶ
1125 3027 1190 3076 10
1236 3022 1625 3092 παραυξανομ.
1663 3024 1698 3078 Ε
1742 3024 1763 3092 ΙΙ
1808 2968 2221 3094 ἐγειρομένην]Ρ
2234 3021 2310 3092 ἐγ.

287 3103 393 3166 γῆν
432 3096 470 3149 D
527 3094 702 3163 ἀγειρ.
734 3094 771 3148 Ε
798 3095 827 3183 ΙΙ
842 3089 1044 3148 πεδίου
1082 3093 1169 3150 0.“’
1202 3092 1353 3150 πέδοι
1393 3095 1428 3149 Ε
1454 3095 1475 3164 ΙΙ
1508 3093 1641 3164 post
1674 3091 1941 3163 ἐσομένην
1977 3094 2143 3164 plene
2180 3093 2311 3148 dist.

287 3182 346 3233 ν·
387 3165 488 3220 sed
520 3164 800 3234 ταύτηνγ
802 3163 875 3232 ἀρ
911 3166 1174 3234 corrupta
1319 3169 1384 3219 11
1424 3165 1767 3234 ἀνθρώπους
1794 3164 1884 3221 00
1898 3164 1939 3221 0.
1988 3165 2312 3234 ἀνθρώπων

289 3209 510 3310 (βίον)
539 3239 571 3292 ΙΙ
622 3236 947 3305 ἀνθρώπων
974 3234 1256 3308 (χρῆσιν)
1284 3235 1468 3294 Fahse
1504 3235 1627 3305 syll.
1665 3254 1719 3307 p.
1750 3240 1855 3290 403
1966 3241 2032 3290 15
2069 3185 2312 3303 ἀναπλή-

290 3323 459 3374 ρωσιν
497 3323 635 3378 ego:
674 3304 995 3375 ἀκλήρωτον
1105 3312 1170 3362 16
1207 3305 1515 3377 μέλλουσαν
1552 3323 1683 3378 ego:
1719 3305 2041 3362 θάλλουσαν
2150 3311 2214 3360 17
2244 3305 2309 3360 ft.

287 3379 620 3449 ὑπερβαλεῖν
747 3382 814 3432 18
849 3377 1062 3444 πρὸςὴ
1075 3401 1088 3433 ε
1126 3378 1270 3447 πρὸς
1301 3377 1405 3447 τὴν
1449 3379 1469 3448 ΙΙ
1513 3375 1828 3448 ἆρμοδίανῖ
1865 3378 1965 3434 sed
2002 3376 2099 3430 cfr.
2139 3382 2263 3443 225,
2276 3380 2308 3429 5

433 3455 499 3503 19
537 3450 686 3520 αὐτῷ
857 3453 926 3502 20
973 3457 1298 3518 παραιρεῖν·
1350 3451 1381 3503 b
1420 3465 1489 3504 ex
1524 3451 1563 3505 V
1609 3452 1763 3521 (224,
1782 3451 1872 3520 10)
1916 3451 1937 3518 ΙΙ
1980 3449 2310 3502 ἀναπεῖσαιε

287 3537 393 3592 ego
421 3521 442 3590 ΙΙ
476 3521 575 3575 διὰ
600 3522 691 3576 Α“’
716 3521 736 3590 ΙΙ
772 3517 1090 3590 γινομένης·
1127 3522 1160 3575 h
1305 3525 1374 3575 21
1412 3521 1491 3592 χὼ
1496 3540 1599 3590 ρας
1635 3520 1974 3594 (φανερᾶς)
2001 3518 2309 3572 Mommsen

288 3591 469 3662 suppl.
508 3609 562 3661 p.
594 3597 661 3646 83
