2646 3882
395 221 529 287 240
1293 221 1518 277 Scholia

396 388 594 451 αὐτῶν
651 389 875 451 τούτων
938 392 1210 451 νοεῖσθαι
1271 388 1337 449 τὸ
1397 387 1709 469 εὐσεβείας.
1853 410 1909 468 g.
1966 387 2301 469 πρόσκειται
2357 386 2422 449 δὲ
2522 448 2535 461 ,

394 477 459 539 τὸ
507 484 751 557 σημεῖον
807 478 896 539 ὅτι
947 476 1013 539 τὸ
1068 477 1507 557 σημαινόμενόν
1560 477 1680 539 ἐστι
1731 487 2023 540 τοιοῦτον·
2082 475 2421 538 ἐπιτελεῖται

399 565 463 627 δὲ
516 568 686 647 χάριν
730 576 835 646 τῆς
890 566 1216 647 εὐσεβείας,
1269 564 1310 645 ἢ
1358 565 1458 627 διὰ
1512 565 1623 645 τὴν
1668 564 1989 647 εὐσέβειαν.
2044 588 2095 628 12
2114 585 2149 641 ο

181 672 390 729 ΒοοΕο
426 656 482 716 h.
530 653 741 729 ἄλλως·
797 653 1043 716 ἄνεται
1089 652 1160 717 δὲ
1205 654 1382 737 πρὸς
1428 656 1658 737 χάρινε
1712 654 2007 717 τουτέστιν
2054 655 2117 717 οἱ
2155 654 2416 735 εὐσεβεῖς

393 743 652 807 ἀνύουσί
689 768 744 805 τι
789 750 917 818 ταῖς
959 743 1109 821 πρὸς
1153 744 1292 816 τοὺς
1338 745 1525 817 θεοὺς
1569 748 1785 823 λιταῖς,
1832 745 1896 807 οῖ
1936 741 2002 805 δὲ
2046 742 2276 825 ἀσεβεῖς
2323 742 2414 805 οὔ.
2473 768 2497 807 ⁵

477 836 517 893 i.
574 834 788 914 γράφει
842 831 905 894 δὲ
965 826 1119 910 [κατ’
1159 831 1384 909 ἐνίους]
1448 831 1480 894 ὁ
1530 826 1962 913 Ἀσκληπιάδης
2014 830 2160 895 ἀνευ
2216 842 2322 895 τοῦ
2376 837 2415 894 ἃ

389 923 560 1001 λιταί,
603 921 700 983 καὶ
749 922 902 984 οὕτω
946 923 1263 1001 καθίστησι
1315 921 1419 983 τὸν
1472 922 1673 1003 λόγον·
1733 921 1881 1004 πρὸς
1928 919 1992 983 δὲ
2036 922 2101 984 τὸ
2146 940 2413 1004 κεχαρισ-

390 1010 573 1091 μένον
616 1020 688 1096 τῇ
734 1010 999 1095 εὐσεβεία
1044 1019 1162 1072 τῶν
1209 1009 1448 1091 ἀνδρῶν
1494 1010 1780 1073 ἀνύονται
1824 1011 2004 1073 λιταί·
2052 1009 2133 1084 ὥς
2178 1009 2256 1071 ἂν
2303 1010 2413 1073 αὐ-

389 1110 459 1185 τῇ
514 1110 585 1187 τῇ
639 1108 757 1161 τῶν
819 1098 1057 1180 ἀνδρῶν
1120 1100 1386 1183 εὐσεβεία
1440 1098 1858 1181 κεχαρισμένου
1920 1110 2025 1162 τοῦ
2086 1101 2413 1162 λιτανεύειν

202 1208 364 1266 80εο
392 1187 580 1262 ὄντος.
713 1191 771 1249 k.
816 1187 1028 1261 άλλως·
1084 1194 1397 1251 τελειοῦται
1450 1185 1489 1267 ἡ
1546 1190 1792 1268 μαντεία
1842 1188 1990 1270 πρὸς
2040 1189 2104 1253 τὸ
2150 1207 2415 1270 κεχαρισ-
2445 1212 2495 1252 10

389 1276 570 1357 μένον
627 1274 800 1339 ἕνεκα
859 1287 964 1357 τῆς
1022 1276 1318 1357 εὐσεβείας
1378 1284 1505 1351 ταῖς
1565 1286 1683 1338 τῶν
1736 1276 1973 1360 ἀνδρῶν
2033 1282 2232 1351 λιταῖς.

179 1385 386 1442 Bouto
441 1369 480 1427 1.
526 1363 567 1445 ἢ
622 1366 802 1429 οὕτω·
866 1372 1223 1428 τελειοῦνται
1277 1363 1341 1428 δὲ
1394 1365 1463 1427 τὰ
1520 1372 1761 1446 μαντεῖα
1818 1372 1947 1440 ταῖς
2000 1376 2125 1428 τῶν·
2172 1365 2413 1447 ἀνδρῶν

389 1455 731 1535 εὐσεβείαις,
807 1455 894 1516 ότι
954 1457 1264 1527 πείθοντες
1326 1459 1511 1528 λιταῖς
1575 1456 1716 1528 τοὺς
1786 1456 1971 1528 θεούς
2045 1456 2415 1536 λαμβάνουσι

388 1544 701 1655 χρησμούς.
782 1554 955 1606 τοῦτο
1011 1541 1075 1605 δὲ
1129 1542 1308 1625 λέγει,
1364 1542 1487 1605 ἐπεὶ
1542 1543 1615 1605 οὐ
1669 1543 1845 1606 παντὶ
1899 1543 2205 1631 ἀνθρώπῳ
2260 1568 2410 1624 μαν-

389 1634 610 1694 τεύεται
655 1631 719 1693 τὸ
764 1638 960 1711 θεῖον,
1005 1630 1150 1693 ἀλλὰ
1195 1639 1316 1706 τοῖς
1362 1631 1677 1713 εὐσεβέσιν.
1743 1642 1819 1696 10r
1830 1651 1865 1707 ο
2440 1657 2492 1697 15

329 1741 361 1785 Α
526 1725 680 1782 12a.
746 1716 888 1783 ἀλλ’
931 1714 978 1782 ὦ
1023 1723 1278 1795 Πίσαςε
1333 1721 1482 1803 πρὸς
1528 1720 1673 1783 αὐτὸ
1722 1721 1793 1783 τὸ
1840 1731 1944 1801 τῆς
1988 1722 2186 1802 Πίσης
2230 1720 2409 1795 άλσος

388 1807 728 1890 διαλέγεται·
782 1808 823 1891 ’ἢ
867 1810 1015 1891 πρὸς
1070 1809 1133 1871 τὸ
1189 1811 1532 1890 Πάνθειαν,
1585 1811 1737 1873 ὅπου
1783 1812 1852 1871 αἱ
1889 1810 2079 1872 ἐλαῖαι
2123 1812 2407 1890 φύονται·

386 1894 427 1977 ἢ
479 1898 628 1979 πρὸς
685 1898 791 1962 τὸν
849 1899 1032 1963 τόπον
1093 1900 1243 1962 ὅπου
1313 1900 1378 1963 οἱ
1438 1898 1784 1983 ἀνδριάντες
1852 1908 1970 1962 τῶν
2036 1901 2409 1980 νικησάντων

387 1986 740 2050 ἀνάκεινται.

177 2096 383 2154 aeneo
523 2079 680 2139 12b.
746 2072 889 2139 ἀλλ’
931 2071 978 2140 ὦ
1013 2080 1244 2151 Πίσας
1291 2076 1719 2187 εὔδενδρον·
1757 2075 1889 2157 ήτοι
1932 2080 2113 2140 λείπει
2158 2077 2295 2140 τὸ”
2259 2101 2406 2158 εχων
2435 2102 2492 2143 20

384 2164 425 2245 ἦ
470 2173 692 2247 φιλῶν,
749 2167 814 2228 τὸ
874 2177 978 2247 τῆς
1034 2168 1230 2246 Πίσης
1293 2165 1501 2246 άλσος,
1560 2168 1619 2229 ιν
1682 2155 1721 2253 ᾖ
1777 2165 1925 2249 πρὸς
1983 2166 2086 2229 τὸν
2142 2168 2259 2228 Δία
2317 2147 2408 2227 ἴε-

386 2273 532 2336 γων·
595 2253 636 2336 ἢ
697 2255 846 2338 πρὸς
909 2255 1052 2318 αὐτὸ
1116 2255 1179 2318 τὸ
1243 2253 1421 2329 ἄλσος
1484 2265 1588 2336 τῆς
1642 2250 1960 2335 Ὀλυμπίας
2022 2253 2200 2337 λέγει,
2264 2254 2408 2337 ὅπερ
2467 2317 2477 2324 ,

194 2364 361 2421 Boeo
390 2342 688 2406 ἀνάκειται
740 2351 821 2429 τῷ
867 2344 969 2406 Διὶ
1021 2350 1100 2428 τῷ
1155 2354 1261 2424 τῆς
1307 2348 1520 2424 Πίσης.
1662 2366 1708 2406 c.
1755 2345 1820 2406 τὸ
1864 2342 2187 2426 εὔδενδρον
2228 2342 2409 2418 αλσος

195 2453 357 2510 01)Εο
384 2432 449 2494 τὸ
504 2431 577 2496 ὃν
629 2433 727 2495 ἐπὶ
781 2439 860 2518 τῷ
909 2407 1177 2518 Ἀλφειῷ.
1313 2431 1459 2495 (1.6
1508 2431 1572 2495 δὲ
1616 2433 1831 2512 τρόπος
1874 2435 2242 2515 περίφρασις.

175 2541 384 2598 801)εο
431 2539 478 2583 e.
525 2532 737 2584 τοῦτον
781 2523 885 2584 τὸν
930 2532 1133 2602 κῶμον
1187 2522 1287 2583 καὶ
1333 2521 1435 2584 τὸν
1481 2523 1674 2603 ὕμνον
1720 2522 1821 2583 καὶ
1864 2521 1973 2600 τὴν
2019 2521 2084 2583 ἐκ
2127 2531 2231 2602 τῆς
2278 2539 2403 2583 στε·
2438 2548 2493 2587 25

386 2611 770 2691 φανηφορίας
814 2610 1129 2691 πρόσδεξαι
1171 2612 1366 2690 νίκην.

527 2786 591 2834 17
628 2780 859 2836 Ατίεὺοτ.
897 2781 1093 2836 mirab.
1125 2787 1209 2838 51.
1257 2781 1371 2836 soh.
1402 2782 1494 2835 Ar.
1524 2781 1821 2837 Plan-586.
1874 2781 1987 2836 seh.
2019 2780 2081 2836 Ο.
2112 2786 2160 2847 3,
2183 2735 2252 2835 6.0

526 2965 552 3012 1
593 2968 804 3014 τούτων
844 2960 956 3016 Eu:
993 2968 1157 3014 τοῦτο
1190 2962 1229 3015 Β
1273 2961 1293 3030 ss
1339 2957 1620 3031 εὐσεβείας
1650 2962 1705 3015 b:
1745 2961 1986 3030 εὐσεβεῖς
2137 2965 2167 3012 2
2204 2959 2267 3012 τὸ
2304 2975 2406 3028 ση-

381 3032 559 3102 μεῖον]
599 3031 673 3084 ad
707 3033 924 3084 textum
959 3033 1091 3099 post
1115 3035 1292 3092 λιταῖς
1319 3030 1514 3085 obelus
1544 3033 1652 3120 (-)
1686 3034 1725 3087 Β
1858 3036 1893 3083 4
1930 3031 2104 3092 ἄλλως
2131 3046 2236 3085 om.
2261 3030 2406 3086 DEss

524 3107 555 3156 5
595 3102 837 3191 εὐσεβεῖς
876 3104 911 3156 Ε
1091 3107 1122 3154 6
1170 3101 1377 3193 γράφει
1423 3100 1487 3159 δὲ
1532 3101 1562 3155 ὁ
1605 3099 1664 3156 Ἀ.
1707 3102 1871 3158 EGO:
1919 3101 2123 3192 γράφει
2171 3100 2233 3156 δὲ
2269 3097 2396 3154 κατ’

380 3171 567 3237 ἐνίους
596 3169 668 3227 'A
711 3176 750 3229 Β
804 3172 1011 3242 γράφει
1056 3172 1119 3228 δὲ
1165 3173 1309 3226 κατὰ
1340 3169 1748 3242 Ἀσκληπιάδην
1788 3176 1824 3229 Ι)
1881 3171 2158 3242 γράφεται
2204 3172 2266 3226 δὲ
2302 3172 2405 3226 καὶ

379 3243 523 3297 κατὰ
548 3241 910 3314 Ἀσκληπιάδη
912 3265 944 3299 ν
984 3245 1021 3300 0
1236 3249 1269 3298 8
1307 3244 1582 3298 ἀνύονται
1619 3243 1833 3301 CDEss:
1871 3244 2108 3299 ἀνύουσι
2146 3246 2185 3299 Β

381 3319 411 3366 9
449 3314 812 3384 χαριζομένου
851 3315 969 3382 Dss,
1006 3332 1112 3369 om.
1143 3313 1305 3378 ὄντος
1452 3321 1516 3368 11
1553 3316 1699 3386 ταῖς]
1735 3323 1834 3384 τῆς
1867 3318 1904 3370 Β
2053 3321 2118 3368 12
2156 3313 2191 3382 ἢ
2229 3311 2374 3369 ουτω

380 3383 554 3447 ἄλλως
593 3389 629 3442 D
669 3402 773 3441 om.
818 3387 853 3439 Ε
1034 3392 1099 3441 13
1145 3387 1277 3450 τοὺς
1319 3387 1497 3450 θεοὺς
1532 3390 1709 3447 λιταῖς
1747 3386 1783 3441 0
1800 3390 1835 3440 D
2018 3392 2083 3439 16
2130 3382 2347 3449 Πίσσας

379 3453 614 3544 Πίσσηςε
656 3459 686 3512 Ι)
716 3461 733 3526 ΙΙ
770 3456 956 3528 ἄλσος]
995 3478 1032 3510 α
1071 3474 1205 3511 corr.
1246 3473 1314 3512 ex
1352 3477 1383 3511 ο
1529 3463 1593 3511 17
1633 3456 1925 3510 Πάνθιονε
1968 3457 1998 3510 Ι)
2144 3462 2213 3510 20
2251 3455 2375 3523 ἤτοι

377 3524 412 3595 ἢ
445 3529 481 3582 Ε
590 3534 659 3582 24
695 3528 1128 3596 περιφραστικός
1163 3544 1195 3583 ν
1304 3534 1373 3583 25
1408 3537 1696 3584 τοῦτον-
1713 3526 1890 3596 υμνον
1927 3526 2047 3596 καὶ]
2074 3528 2286 3598 ταύτην
2316 3530 2358 3583 Β

377 3595 546 3652 τὸν”
512 3619 688 3668 υμνον
726 3598 824 3652 καὶ
859 3598 958 3653 τὸν
995 3607 1181 3668 κῶμον
1221 3601 1257 3654 Ε
1402 3605 1470 3653 26
1507 3597 1830 3669 πρόσδεξαι]
1868 3596 2102 3662 δέξαιΒ
