2646 3882
1025 909 1503 986 PraefatiO.

383 1091 461 1150 In
518 1091 761 1151 scholiis
824 1090 1123 1150 veteribus
1177 1090 1427 1150 Pindari
1481 1088 2033 1168 Olympionicarum
2090 1111 2289 1152 recen-

249 1180 454 1240 sendis
494 1181 813 1258 praecipue
849 1199 993 1239 usus⁴
1029 1199 1160 1240 sum
1188 1179 1492 1244 codicibus
1530 1200 1647 1256 sex,
1685 1183 1792 1257 qui
1826 1183 1947 1240 iam
1978 1200 2015 1239 a
2039 1179 2288 1240 Momm-

248 1289 396 1330 seno
453 1271 522 1327 in
583 1271 754 1328 textu
809 1271 1138 1329 carminum
1202 1270 1614 1329 constituendo
1680 1270 1935 1328 adhibiti
1998 1271 2059 1329 et
2121 1271 2289 1348 siglis

252 1355 586 1432 ABGDEQ
631 1359 828 1417 notati
872 1360 1013 1417 sunt
1021 1351 1100 1439 ²⁸⁸).
1195 1357 1351 1416 Sunt
1396 1361 1597 1418 autem
1640 1359 1731 1417 hi:

385 1447 824 1507 Ambrosianus
891 1445 934 1505 O
986 1449 1110 1506 222
1172 1441 1280 1506 inf.
1344 1447 1732 1523 bombycinus
1742 1440 1837 1529 **)
1913 1466 2061 1507 saec.
2118 1447 2280 1506 XIII.
2301 1447 2345 1502 Α

247 1537 595 1613 Descripsit
619 1536 758 1595 Keil
784 1535 896 1594 Rh.
924 1537 1072 1595 Mus.
1101 1535 1191 1594 VI
1219 1527 1452 1618 (1848)
1482 1557 1540 1613 p.
1574 1538 1905 1612 108—103
1944 1537 2047 1596 cfr.
2080 1535 2289 1595 Stude-

249 1626 444 1686 mund
472 1625 692 1684 Anecd.
731 1646 788 1702 p.
822 1627 1156 1701 212—473
1195 1621 1262 1684 Ο.
1295 1625 1617 1685 Schroeder
1642 1624 1857 1685 Philol.
1885 1625 2025 1684 LIV
2054 1615 2286 1707 (1899)

248 1736 307 1792 p.
349 1716 506 1774 277.
593 1713 874 1774 Continet
917 1717 1153 1791 praeter
1197 1715 1391 1774 multa
1437 1715 1558 1774 alia
1602 1715 1850 1774 Pindari
1896 1714 1987 1773 01.
2033 1715 2287 1774 Ι-ΧΠ.

253 1803 577 1864 Correctus
621 1805 711 1862 est
754 1804 978 1880 passim
1022 1822 1204 1863 manu
1250 1805 1304 1862 si
1348 1822 1468 1863 non
1515 1804 1720 1863 eadem
1766 1822 1917 1880 quae
1963 1807 2195 1863 textum
2230 1807 2291 1864 et

251 1895 487 1954 scholia
541 1893 807 1970 scripsit,
863 1895 928 1952 at
981 1895 1138 1953 certe
1194 1893 1459 1970 aequa113
1524 1913 1707 1970 quam
1762 1913 1797 1953 a
1848 1895 2044 1971 prima
2089 1911 2289 1969 manu,

253 2003 408 2059 quae
456 2002 596 2042 raro
638 1983 894 2043 correxit
928 2000 1035 2041 nec
1071 1984 1194 2042 fere
1229 1984 1349 2043 nisi
1392 1984 1458 2043 in
1494 1983 1819 2059 scribendo,
1864 2003 1986 2043 non
2022 1983 2285 2042 distinxi.

251 2072 389 2131 Uno
439 2074 550 2133 aut
595 2072 782 2131 altero
827 2071 958 2131 loco
995 2090 1205 2131 manus
1251 2090 1454 2131 recens
1493 2075 1759 2150 apparet.
1832 2072 2039 2149 Imago
2076 2072 2287 2149 photo-

253 2164 465 2238 typica
501 2160 642 2219 huic
679 2160 972 2221 volumini
1009 2160 1202 2219 adfixa
1240 2164 1331 2220 est
1366 2160 1546 2221 huius
1586 2162 1802 2222 codicis
1850 2162 1953 2220 fol.
1997 2162 2171 2221 195&
2207 2192 2284 2202 —

253 2250 694 2328 Apographum
729 2250 1086 2310 scholiorum
1125 2249 1200 2309 ab
1229 2249 1511 2309 Eduardo
1552 2249 1914 2309 Schwartz
1957 2250 2290 2321 confectum

255 2341 528 2415 mihique
573 2338 988 2399 liberalissime
1040 2338 1333 2397 traditum
1377 2339 1637 2415 primum
1680 2340 1827 2415 ipse,
1880 2338 2099 2397 iterum
2145 2334 2289 2396 Otto

259 2427 664 2488 Schroeder
701 2447 836 2487 cum
872 2428 1070 2487 codice
1108 2429 1483 2488 contulimus.
1551 2425 1789 2487 Glossas
1825 2428 1953 2504 ipse
1992 2427 2290 2503 exscripsi,

254 2517 320 2576 in
357 2516 725 2594 quibusdam
761 2519 952 2575 amica
987 2516 1375 2594 Heibergii
1420 2535 1601 2594 opera
1637 2516 1892 2576 adiutuS.
1930 2548 2021 2557 -
2059 2514 2289 2576 Codicis

257 2604 648 2665 Ambrosiani
685 2605 1114 2684 apographum,
1163 2606 1325 2682 quod
1365 2606 1441 2664 ad
1487 2606 1713 2675 scholia
1750 2605 1983 2681 attinet,
2030 2608 2121 2666 est
2165 2606 2291 2666 cod.

255 2694 752 2755 Vratislaviensis
786 2694 1146 2772 Redigerani
1193 2697 1279 2754 40
1325 2697 1520 2770 prima
1564 2713 1729 2771 pars3
1776 2695 1847 2753 de
1895 2714 2011 2770 quo
2061 2695 2257 2754 codice
2275 2711 2388 2753 ned.

257 2784 573 2861 tripartito
621 2784 726 2843 cfr.
773 2781 1111 2843 Gerhardus
1159 2802 1253 2860 ap.
1299 2783 1667 2843 Boeckhium
1712 2783 1827 2843 vol.
1874 2784 1937 2841 II
1981 2804 2039 2860 p.
2075 2783 2140 2841 H
2176 2802 2289 2859 sq.3

264 2870 588 2931 Schroeder
637 2872 678 2931 l.
723 2872 762 2929 1.
809 2893 866 2949 p.
917 2873 1072 2947 2863
1135 2870 1325 2931 Catal.
1384 2873 1546 2932 codd.
1595 2870 1796 2932 Graec.
1854 2872 1960 2949 qui
2014 2874 2079 2931 in
2133 2872 2289 2932 Bibl.

260 2958 482 3021 Urbica
509 2960 969 3021 Vratislaviensi
997 2956 1391 3020 adservantur
1420 2952 1695 3043 (Vratisl.
1728 2954 1927 3043 1889)
1966 2983 2023 3039 p.
2055 2963 2137 3021 49
2160 2980 2289 3037 sqq.

263 3048 597 3109 Boeckhius
627 3050 905 3124 codicem,
934 3070 1109 3126 quem
1134 3051 1361 3127 primus
1392 3050 1681 3126 adhibuit,
1700 3043 2287 3133 Vrat(islaviensem)

403 3274 448 3344 ⁴)
489 3273 722 3329 Codices
768 3272 1002 3327 Pindari
1035 3272 1415 3339 Florentinos,
1466 3273 1773 3340 Romanos,
1824 3273 2288 3341 Mediolanenses,

269 3341 526 3413 Venetos,
555 3345 860 3411 Parisinos,
879 3344 1343 3399 Vindobonenses
1370 3344 1614 3398 breviter
1641 3345 1941 3413 descripsit
1964 3345 2073 3398 Jul.
2096 3344 2292 3398 Resler

273 3412 466 3471 Philol.
494 3416 605 3471 vol.
635 3416 714 3470 IV
743 3418 924 3485 (1849)
960 3434 1014 3485 p.
1047 3421 1357 3482 510—5323
1394 3432 1467 3470 ne
1501 3416 1609 3469 hoc
1645 3417 1707 3470 in
1731 3432 2071 3486 unoquoque
2100 3415 2290 3469 codice

271 3487 750 3544 commemorando
785 3488 1055 3556 repetam.

381 3559 450 3629 **)
486 3558 612 3613 Hoc
661 3558 887 3613 nomine
938 3558 1074 3612 olim
1121 3557 1353 3628 vulgato
1408 3558 1627 3612 codices
1673 3558 1733 3611 in
1786 3558 1983 3611 charta
2030 3554 2289 3612 orientali

281 3628 507 3698 scriptos
544 3630 716 3684 hodie
754 3646 976 3700 quoque
996 3630 1311 3735 ,ijssnfl’ffi
1351 3630 1703 3683 commodum
1738 3629 1918 3681 visum
1958 3630 2059 3681 est.

996 3742 1073 3797 ...f
1150 3788 1158 3793 .
1271 3686 1535 3793 25²?
