2646 3882
363 222 491 287 328
1254 222 1482 277 Scholia.

215 407 337 463 eno
366 388 428 450 τὸ
467 388 681 469 χωρίον
718 384 751 449 ὁ
786 388 997 497 χρόνος
1034 389 1317 469 διάδηλον
1351 387 1644 468 ἐποίησεν.
1781 409 1838 469 g.
1883 384 2067 468 ἕτεροι
2104 384 2168 448 δὲ
2205 387 2387 467 οὕτω,

364 476 656 557 σαφανές,
702 472 784 539 ἵν’
824 503 865 564 ῃ
911 477 977 539 τὸ
1022 476 1238 558 σαφὲς,
1292 476 1451 555 ὖφὲν
1500 476 2010 559 ἀναγινώσκουσιν
2023 520 2042 554 ‚
2098 475 2179 550 ὡς
2233 477 2387 558 πρὸς

166 583 332 640 ceno
366 566 476 645 τὴν
534 564 660 628 ἅνω
723 567 1019 629 διάνοιαν·
1063 560 1073 649 Ι
1112 567 1177 628 τὸ
1243 564 1307 628 δὲ
1372 564 1594 646 ἀληθὲς
1658 564 1730 626 ὃν
1793 564 1893 627 καὶ
1957 562 2144 643 σαφὲς
2202 563 2296 627 ἀεὶ
2351 563 2386 627 ὁ

362 656 570 736 χρόνος
616 661 881 736 φανεροῖ.

169 760 333 818 aceo
499 746 580 805 68
601 766 654 805 a.
722 745 861 806 ὅπα
904 744 1031 806 τὰν
1076 743 1414 824 πολέμοιο
1461 743 1694 805 δόσινε
1739 743 1894 805 ὅπου
1937 742 2039 805 καὶ
2083 742 2148 804 ἐν
2194 730 2242 828 ᾧ
2289 743 2384 806 τό·
2445 765 2470 805 ⁶

362 856 454 917 πω
503 834 807 914 διανείμας
854 830 924 896 τὰ
970 833 1210 914 λάφυρα
1252 833 1452 914 λαβών
1497 855 1558 895 τε
1602 832 1708 906 τὰς
1742 830 2009 913 ἀπαρχὰς
2046 831 2249 911 ἔθυσε,
2286 832 2387 893 καὶ

364 923 522 995 ὅπως
561 916 965 1005 (θαυμασίως)
1006 920 1116 1001 τὴν
1160 932 1267 984 τοῦ
1313 921 1545 1004 ἀγῶνος
1579 920 1789 1004 ἑορτὴν
1823 920 2172 1001 κατέστησεν
2208 920 2276 983 ἐν
2313 932 2385 1007 τῇ

362 1012 561 1097 πρώτῃ
593 1004 945 1091 Ὀλυμπιάδι
978 1010 1080 1073 καὶ
1115 1017 1238 1085 τοῖς
1276 1010 1698 1093 ἀγωνίσμασιν.
1744 1028 1887 1085 soto
2021 1012 2075 1072 b.
2124 1008 2385 1090 πολέμου

217 1118 336 1173 uto
366 1101 536 1161 δόσιν
580 1099 651 1161 τὰ
696 1100 933 1179 λάφυρά
978 1119 1181 1180 φησιν.
1318 1122 1366 1162 o.
1415 1100 1567 1162 ὅπου
1621 1100 1732 1179 τὴν
1778 1105 1966 1179 λῆψιν
2011 1098 2122 1178 τὴν
2166 1099 2230 1162 ἐκ
2276 1110 2384 1162 τοῦ

362 1187 622 1269 πολέμου
676 1188 1003 1270 γενομένην
1058 1188 1266 1252 διελὼν
1329 1188 1400 1251 τὰ
1454 1188 1776 1270 ἀκροθίνια
1839 1196 1960 1261 τοῖς
2014 1194 2186 1263 θεοῖς
2239 1188 2386 1250 ἔθυ-
2419 1210 2475 1251 ιο

364 1295 479 1339 σεν.
546 1288 620 1340 ⁶71
634 1297 710 1352 εο

306 1386 337 1428 Α
500 1370 583 1428 69
605 1388 658 1427 a.
722 1365 1104 1445 ἀκρόθιναε
1160 1364 1293 1429 ἀντὶ
1336 1340 1460 1429 τοῦ.
1489 1365 1823 1448 ἀκροθίνια.
1961 1368 2016 1428 b.
2065 1366 2226 1439 ὅπως
2273 1365 2388 1447 ἄρα

362 1456 464 1563 τὸν
535 1465 769 1605 πρῷέον
839 1453 1113 1517 ἐνιαυτὸν
1176 1462 1578 1536 καθαρνθμῶν
1646 1454 1907 1534 ἀνέθηκε
1971 1454 2081 1534 τὴν
2145 1454 2389 1535 πρώτην

372 1547 649 1623 Ολυμπια
689 1569 744 1604 α.

151 1650 363 1707 Scuto
502 1638 581 1694 69
605 1652 653 1692 ο.
725 1632 843 1693 καὶ
903 1626 1394 1714 πενταετηρίδ’
1449 1632 1662 1706 ὅπωςε
1731 1639 2151 1711 θαυμαστικῶς
2211 1632 2384 1715 λέγει·
2419 1654 2476 1695 15

363 1720 464 1782 καὶ
510 1721 961 1800 πενταετηρικὸν
1006 1722 1165 1794 ὅπως
1210 1720 1326 1803 ἄρα
1369 1719 1571 1800 ἔστησε
1615 1721 1716 1784 καὶ
1760 1720 2192 1801 ἐνομοθέτησεν
2235 1716 2389 1783 εἶναι

364 1810 473 1887 τὴν
518 1808 635 1871 τὼν
676 1805 1009 1890 Ὀλυμπίων
1053 1810 1406 1892 πανήγυριν.
1464 1829 1557 1873 ‘128

272 1918 348 1962 ΑΒ
507 1903 606 1960 71.
674 1899 804 1962 σὺν
843 1894 1285 1980 Ὀλυμπιάδιε
1341 1898 1489 1962 κατὰ
1534 1898 1644 1980 τὴν
1689 1908 1807 1962 τῶν
1847 1893 2183 1981 Ὀλυμπίων
2228 1900 2390 1980 πρώ-

365 2012 475 2067 την
519 1987 708 2050 θέσιν.
763 2008 859 2052 858

155 2096 362 2152 uento
502 2082 581 2139 72
604 2099 656 2138 a.
722 2079 828 2151 τίς
875 2077 960 2156 δὴ
996 2079 1378 2140 ποταίνιον
1413 2078 1617 2160 ἔλαβε
1657 2077 2042 2153 στέφανονε
2089 2078 2238 2157 πρὸς
2275 2077 2390 2158 τὴν
2419 2099 2477 2140 20

365 2170 647 2229 Μοῦσαν.
791 2168 846 2228 b.
892 2168 1297 2230 ποταίνιονε
1362 2166 1736 2249 πρόσφατον·
1799 2167 1866 2229 ἐκ
1919 2165 1983 2228 δὲ
2037 2177 2142 2229 τοῦ
2197 2189 2392 2248 παρα-

364 2261 808 2330 κολουθοῦντος
872 2258 1146 2335 σημαίνει
1208 2255 1272 2317 τὸ
1329 2266 1590 2338 πρῶτον,
1655 2255 1779 2318 ἐπεὶ
1833 2253 1865 2316 ὃ
1921 2265 2150 2336 πρῶτος
2205 2256 2390 2336 πρόσ-

366 2345 550 2421 φατός
594 2344 732 2406 ἐστι.
869 2365 915 2406 c,
963 2347 1049 2418 τίς
1096 2336 1230 2423 οὖν,
1266 2362 1440 2423 φησι,
1484 2354 1713 2428 πρῶτος
1751 2344 1913 2425 ἔλαχε
1949 2345 2052 2406 τὸν
2089 2342 2393 2424 στέφανον

364 2433 460 2496 ὅτε
504 2433 723 2512 ἔθηκεν
770 2431 801 2494 ὅ
841 2428 1132 2516 (Ηρακλῆς
1176 2432 1280 2495 τὸν
1328 2432 1558 2516 ἀγῶνας

511 2629 573 2675 21
616 2622 729 2676 sch.
768 2622 967 2676 Aesch.
1005 2620 1185 2676 Prom.
1219 2627 1320 2676 102

512 2825 539 2871 1
581 2817 895 2886 ἕτεροι-2
934 2817 1187 2887 σαφανὲς
1234 2818 1352 2874 HQ:
1399 2816 1598 2878 ἄλλως·
1640 2817 1696 2880 ἐς
1730 2819 1950 2886 ἀφανὲς
1987 2818 2053 2874 0¹
2109 2818 2252 2874 ἔνιοι
2291 2837 2392 2873 σα-

369 2890 546 2957 φανὲς
584 2889 649 2945 0²
804 2897 835 2943 2
873 2889 1014 2957 πρὸς
1050 2905 1158 2943 om.
1198 2888 1278 2945 (lv
1444 2895 1475 2942 3
1512 2888 1574 2943 τὸ
1613 2889 1674 2944 δὲ
1711 2889 1923 2958 ἀληθὲς
1961 2889 2130 2945 CHss:
2169 2890 2396 2958 ἀφανὲς

368 2960 471 3030 γὰρ
514 2965 550 3015 Ε
695 2966 727 3014 ὃ
766 2962 897 3014 ante
933 2959 969 3013 l.
1006 2961 1071 3014 τὸ
1109 2960 1199 3027 δὲ,
1243 2962 1375 3028 post
1409 2959 1446 3014 l.
1486 2960 1613 3015 ἀντὶ
1657 2968 1757 3015 τοῦ
1795 2960 1923 3015 add.
1965 2963 2048 3016 Bv
2192 2967 2223 3014 6
2263 2965 2394 3016 δια·-

367 3035 555 3100 νεῖμεν
593 3032 630 3087 Ε
675 3034 695 3101 ΙΙ
738 3032 923 3103 λαβὼν
942 3063 1010 3072 -
1031 3037 1064 3084 8
1100 3029 1484 3100 ἀγωνίσμασιν
1527 3033 1658 3100 post
1704 3036 1735 3084 9
1775 3049 1947 3101 φησιν
1986 3032 2022 3088 G
2171 3037 2199 3084 7
2237 3035 2392 3086 θαυ-

367 3112 583 3172 μαστῶς
620 3103 734 3169 θΕς
780 3103 843 3158 ft.
876 3105 1337 3173 (θαυμαστικῶς);
1377 3102 1474 3157 cfr.
1518 3105 1648 3175 lbafl
1693 3102 1914 3175 ἑορτὴν]
1949 3102 2132 3173 ἀρχὴν
2171 3103 2208 3158 0

370 3180 400 3227 9
440 3174 611 3246 ὅπου]
648 3191 754 3228 om.
798 3176 833 3228 Ε
889 3171 1033 3228 ὅπου
1070 3170 1243 3242 φησίν
1274 3175 1314 3230 0.
1341 3175 1360 3244 ΙΙ
1386 3173 1489 3243 τὴν
1525 3176 1583 3228 et
1623 3179 1689 3227 10
1727 3172 2032 3244 γενομένην
2073 3173 2236 3230 EGss:
2274 3183 2392 3230 τῶν

368 3248 427 3299 et
462 3245 775 3315 γενομένων
814 3248 897 3300 Βν
1044 3251 1112 3298 10
1146 3246 1348 3299 διελών
1385 3262 1523 3315 φησι
1563 3247 1644 3299 BV
1793 3251 1857 3299 12
1897 3245 2007 3313 ἄρα
2047 3261 2176 3315 ego:
2215 3242 2289 3299 ἂν

371 3321 435 3367 15
476 3313 649 3387 ὅπως]
689 3313 837 3379 ὅπως
874 3315 986 3384 ἄρα
1024 3316 1217 3371 ἔστασε
1256 3318 1291 3370 Ε
1318 3318 1339 3385 ΙΙ
1363 3319 1704 3387 θαυμαστῶς
1739 3315 1880 3372 cub:
2026 3321 2090 3369 17
2128 3324 2241 3370 τῶν
2278 3332 2388 3371 om.

370 3388 457 3440 ΒΕ
604 3393 670 3440 18
706 3387 743 3440 l.
785 3389 850 3442 B:
890 3384 1279 3456 νικαφορίαισί
1312 3406 1373 3442 τε
1410 3389 1453 3442 Α
1480 3389 1498 3457 ΙΙ
1524 3396 1635 3443 τῶν
1672 3403 1777 3440 om.
1820 3388 1860 3441 Β
2003 3391 2072 3440 20
2111 3386 2270 3457 ἔλαβε
2308 3405 2389 3441 στ.

371 3459 436 3510 B:
476 3472 584 3509 om.
625 3457 817 3514 GDEss
842 3464 860 3526 ΙΙ
888 3458 1195 3525 πρὸς-21
1234 3455 1532 3513 ποταίνιον
1568 3475 1674 3512 om.
1716 3458 1804 3513 OD
1951 3461 2034 3511 20.
2058 3462 2123 3512 21
2163 3457 2306 3525 πρὸς
2339 3477 2390 3512 τ.

369 3531 447 3580 Μ.
478 3528 623 3596 λέγει
654 3530 736 3582 Βν
853 3533 919 3582 21
958 3547 1080 3583 ποτ.
1122 3527 1184 3584 δὲ
1220 3529 1349 3585 ἀντὶ
1383 3537 1482 3584 τοῦ
1510 3547 1600 3598 πρ.
1635 3531 1716 3584 Βν
1826 3533 1890 3580 22
1930 3525 2186 3596 σημαίνει
2217 3528 2388 3585 Bm:

370 3595 661 3667 συμβαίνει
699 3601 735 3653 D
794 3597 905 3666 ἔχει
943 3599 979 3654 G
1126 3605 1194 3652 24
1233 3599 1262 3654 ὁ
1302 3617 1409 3654 om.
1442 3601 1530 3656 OD
1559 3603 1578 3670 11
1603 3599 1702 3654 τὸν
1739 3599 1930 3669 ἀγῶνα
1969 3615 2075 3652 om.
2119 3601 2157 3653 B
