2646 3882
343 232 475 296 204
1237 232 1465 287 Scholia

342 397 803 479 ἠβουλήθησαν,
867 397 928 473 ἐξ
972 394 1180 461 Ἡλίου
1235 398 1335 461 καὶ
1383 392 1737 479 Ἀφροδίτης
1802 398 1909 478 τὴν
1968 400 2219 479 νύμφην
2273 422 2371 481 γε-

348 493 661 569 γενῆσθαι·
708 486 983 550 ἐναντίον
1026 491 1137 569 γὰρ
1182 487 1247 549 τὸ
1294 487 1658 569 ἐπαγόμενον
1696 482 1941 549 Ἀελίοιό
1985 510 2045 549 τε
2090 489 2369 568 νύμφαν·

345 570 470 636 ἀλλ’
503 574 822 639 ἀκουστέον
866 576 976 656 τὴν
1003 572 1206 639 Ῥόδον
1238 570 1593 657 Ἀφροδίτης
1630 577 1815 637 παῖδα
1853 575 1951 637 διὰ
1987 576 2051 638 τὸ
2094 574 2371 658 ἀνθηρὸν

342 663 442 726 καὶ
477 663 867 775 χαριέστατον,
911 666 1160 745 νύμφην
1199 663 1262 727 δὲ
1289 662 1517 727 Ἡλ.ίου
1601 663 1822 747 λέγεται
1857 665 1967 747 γὰρ
2004 666 2373 744 θεασαμενος

342 753 452 832 τὴν
505 754 754 833 νύμφην
807 754 906 815 καὶ
961 753 1266 836 ἐρασθεὶς,
1332 748 1453 815 εἶτα
1506 752 1774 833 ἁρπάσας
1830 752 1895 815 ἐν
1949 764 2020 863 τῇ
2076 752 2373 840 ὁμωνύμῳ
2431 776 2459 817 5

343 842 507 928 νήσῳ
568 841 984 924 συγγενέσθαι·
1049 844 1148 904 ἵνα
1201 842 1265 905 τὸ
1333 840 1441 922 μὲν
1494 844 1745 905 ποντίαν
1809 838 1977 905 παῖδ’
2023 817 2375 925 Ἀφροδίτας

343 928 434 991 ἐπ’
477 930 662 1043 αύτῆς
719 941 823 1013 της
879 931 1069 1010 νήσου
1124 932 1424 1043 λάβωμεν,
1476 931 1541 993 τὸ
1600 929 1663 993 δὲ
1710 925 1954 993 Ἀελίοιό
2010 954 2068 993 τε
2123 933 2374 1012 νύμφαν

344 1014 436 1080 ἐπ’
478 1019 662 1099 αὐτης
707 1044 814 1099 της
858 1016 1114 1101 ἡρωίδος
1160 1020 1520 1099 ἀκούσωμεν.

157 1128 318 1186 acto
483 1112 567 1168 24
585 1111 626 1168 f.
690 1102 860 1170 παῖδ’
896 1103 1256 1190 Ἀφροδίτης
1299 1103 1423 1170 εἶπε
1477 1107 1587 1187 τὴν
1634 1106 1835 1171 Ῥόδον
1891 1108 1989 1170 διὰ
2044 1108 2107 1171 τὸ
2162 1109 2373 1183 κᾶλλος

345 1206 451 1275 τῆς
501 1198 708 1276 νήσου.
791 1195 1111 1279 “Ηρόφιλος
1165 1195 1230 1259 δὲ
1276 1199 1657 1271 Ποσειδῶνος
1711 1197 1811 1259 καὶ
1850 1192 2207 1278 Ἀφροδίτης
2259 1197 2369 1277 τὴν
2400 1222 2457 1262 10

338 1282 540 1348 Ῥόδον
576 1280 734 1348 εἶναί
766 1304 936 1366 φησι,
974 1284 1354 1366 Ἑπιμένιδης
1400 1307 1566 1361 (BHG
1590 1309 1673 1360 Π,
1700 1308 1797 1361 404)
1836 1284 1899 1347 δὲ
1946 1286 2133 1365 αὐτὴν
2165 1282 2372 1348 Ὠκεα·

346 1385 456 1436 νοῦ
516 1379 876 1457 γενεαλογεῖ·
937 1371 1044 1453 ἀφ’
1085 1368 1159 1455 ἧς
1217 1375 1329 1455 τὴν
1395 1375 1569 1437 πόλιν
1628 1373 1997 1456 ὠνομάσθαι.
2095 1373 2249 1449 τινὲς
2308 1372 2373 1437 δὲ

346 1464 535 1541 αὐτήν
585 1480 735 1540 φασι
788 1469 1089 1544 κληθηναι
1142 1465 1298 1526 οὕτω
1353 1463 1452 1525 διὰ
1516 1464 1581 1526 τὸ
1637 1466 1935 1527 σπουδαῖα
1989 1463 2139 1545 ἔχειν
2193 1464 2371 1547 ῥόδα·

348 1552 411 1613 οί
450 1549 514 1613 δὲ
561 1551 659 1613 διὰ
703 1551 768 1614 τὸ
815 1552 1011 1634 ῥοώδη
1057 1546 1212 1615 εἶναι
1254 1552 1327 1613 τὰ
1370 1551 1504 1635 περὶ
1549 1553 1755 1631 αὐτήν.

179 1661 299 1718 ηερ
482 1644 642 1720 24g.
707 1639 917 1714 ἄλλως
967 1641 1056 1702 ὅτι
1095 1635 1447 1724 Ἀφροδίτης
1493 1641 1643 1721 φησὶ
1687 1640 1966 1724 γενέσθαι
2003 1638 2207 1704 Ῥόδον
2253 1648 2371 1703 θυ-
2402 1665 2455 1707 15

342 1727 575 1811 γατέρα,
621 1725 729 1808 ἀφ’
771 1723 845 1808 ἧς
890 1734 1192 1810 κληθῆναι
1235 1729 1346 1809 τὴν
1391 1740 1601 1811 νῆσον,
1638 1728 1849 1793 ‘Huov
1898 1728 1962 1792 δὲ
2006 1732 2272 1811 νύμφην.

344 1819 402 1877 h.
451 1813 658 1879 Ἡλίου
716 1819 818 1880 καὶ
868 1816 1071 1898 Ῥόδης
1127 1818 1397 1901 ἐγένοντο
1462 1820 1670 1893 παῖδες
1729 1818 1874 1882 ἑπτα
1936 1819 2037 1882 καὶ
2098 1820 2371 1902 θυγάτηρ

343 1900 766 1997 Ἠλεκτρυώνη.
827 1925 905 1972 28·
924 1927 957 1984 ο

289 2017 322 2062 A
485 2000 584 2060 25.
636 1990 1083 2079 Ἀφροδίτας.
1122 1999 1501 2070 Ποσειδῶνος
1536 1997 1637 2059 καὶ
1661 1991 2016 2081 Ἀφροδίτης
2034 1994 2371 2080 “Ηρόδωρος

346 2091 685 2196 γενεαλογεῖ
709 2081 852 2168 παρ’
874 2083 1198 2199 Ἠροφίλῳ,
1237 2087 1300 2147 οἱ
1331 2084 1396 2147 δὲ
1426 2088 1805 2160 Ποσειδῶνος
1840 2087 1940 2149 καὶ
1970 2082 2365 2169 Ἀμφιτρίτης.
2396 2111 2452 2150 2⁰

348 2175 411 2237 οί
452 2173 515 2236 δὲ
565 2174 652 2236 ὅτι
697 2174 992 2256 ευπρεντὴς
1035 2172 1075 2254 ἡ
1114 2172 1310 2248 Ῥόδος
1358 2174 1456 2237 διὰ
1502 2175 1565 2237 τὸ
1612 2176 1838 2249 κάλλος.

287 2285 319 2327 Α
482 2266 583 2324 26.
644 2257 937 2326 Ἀελίοιό
983 2286 1077 2325 te:
1104 2259 1316 2337 “maog
1365 2263 1510 2326 ἰδὼν
1558 2264 1745 2343 αὐτὴν
1789 2265 2013 2345 ηρπασε
2058 2264 2159 2327 καὶ
2198 2263 2370 2346 ἐμίγη

346 2351 495 2438 αὐτῇ
541 2351 606 2414 ἐν
650 2362 722 2437 τῇ
768 2347 872 2413 ἀπ’
913 2353 1095 2432 αυτῆς
1138 2354 1429 2462 κληθείσῃ
1469 2349 1667 2440 Ῥόδῳ.
1732 2376 1783 2416 1¹1

288 2463 320 2505 A
481 2445 637 2503 27a.
711 2439 1163 2522 ευθυμάχανε
1235 2440 1369 2521 ήτοι
1440 2440 1523 2522 μὴ
1595 2441 2091 2522 ἐπιστρεφόμενον
2159 2439 2226 2503 ἐν
2288 2449 2367 2527 τῷ

490 2636 556 2684 14
593 2629 709 2683 EM
739 2635 912 2698 ‘105‚5
1059 2635 1126 2683 20
1162 2629 1423 2700 Apollod.
1458 2636 1505 2698 1,
1526 2634 1576 2696 4,
1598 2634 1629 2683 6

492 2831 518 2878 1
558 2826 736 2897 ἐβουλ.
777 2825 965 2882 ΒωΕα
1009 2826 1027 2894 ΙΙ
1074 2824 1130 2890 ἐξ
1168 2841 1274 2879 om.
1316 2827 1399 2880 Βν
1442 2827 1462 2894 fl
1505 2823 1607 2893 τὴν
1645 2840 1751 2878 om.
1794 2825 1881 2879 ΒΕ
1916 2825 1936 2894 11
1976 2823 2228 2914 νύμφην]
2267 2830 2366 2892 νῆ-

346 2913 444 2950 σον
485 2899 520 2951 Ε
575 2899 757 2952 παῖδα
791 2895 944 2951 Beck
1090 2903 1136 2950 1.
1159 2903 1190 2950 2
1229 2899 1605 2965 γεγεννῆσθαι
1645 2898 1701 2951 Ε·
1712 2911 1744 2950 v
1886 2901 1921 2947 4
1958 2893 2151 2963 νύμφη
2192 2897 2227 2949 Ε

345 2972 376 3021 6
414 2967 785 3038 συγγενέσθαι
814 2967 982 3024 Bou:
1024 2965 1417 3038 συγγεγονέναι
1446 2969 1535 3022 uf.
1670 2972 1703 3021 8
1741 2965 2153 3056 ἀκούσωμεν-
2177 2969 2242 3018 10
2270 2963 2367 3032 νή-

343 3056 444 3093 σου
491 3056 595 3094 om.
636 3055 668 3094 v
866 3044 899 3092 9
947 3037 1121 3100 ἄλλως
1162 3054 1375 3108 praem.
1426 3038 1517 3095 60
1535 3040 1565 3092 h
1620 3033 1784 3093 παῖδ’
1808 3033 2133 3106 Ἀφροδίτας
2170 3033 2366 3091 Ῥόδον

339 3127 550 3179 praem
583 3112 665 3180 ΕΙΙ
693 3104 813 3164 εἶπε
844 3109 1161 3179 Bonum:
1198 3117 1297 3198 τῆς
1321 3109 1452 3176 περὶ
1481 3109 1564 3164 ssb
1684 3113 1749 3162 10
1779 3106 1968 3177 Ἡρόφ
1972 3111 2173 3170 ιλος-
2194 3112 2257 3160 11
2292 3102 2367 3161 εἶ-

341 3201 440 3236 ναι
477 3197 584 3234 om.
625 3181 661 3236 0
846 3185 1015 3235 10.11
1057 3180 1200 3250 (τὴν)
1230 3177 1435 3238 Ῥόδον
1466 3174 1615 3234 εἶναί
1661 3197 1799 3249 φησι
1838 3180 1952 3237 Eo:
2002 3174 2122 3234 εἶπε
2156 3177 2260 3246 τὴν
2290 3175 2363 3233 Ῥ.

340 3247 491 3306 εἶναι
530 3253 612 3305 Βν
750 3255 814 3304 11
854 3251 1031 3320 αὐτὴν
1069 3267 1174 3305 om.
1214 3267 1246 3306 v
1384 3256 1451 3304 13
1490 3249 1668 3318 αὐτήν
1706 3268 1812 3305 om.
1853 3253 1934 3306 Βν
2075 3256 2141 3304 14
2178 3246 2365 3320 ῥοώδη

343 3323 407 3376 B:
482 3322 666 3390 οδώδη
814 3327 879 3375 15
920 3320 1116 3385 ἄλλως·
1157 3320 1242 3376 ὅτι
1283 3322 1449 3379 Bou:
1489 3337 1595 3376 om.
1638 3324 1677 3377 Β
1733 3322 1908 3384 ἄλλως
1942 3338 1975 3377 ν
2000 3324 2021 3392 Η
2058 3321 2197 3391 φησὶ
2233 3338 2364 3392 ego.

342 3408 461 3460 φασ
663 3397 728 3445 17
759 3389 954 3462 ‘Paene
1001 3395 1062 3447 Β·
1076 3393 1240 3450 an:
1280 3390 1479 3447 Ῥόδου
1519 3393 1634 3449 Βὶν.
1711 3391 1820 3446 cfr.
1859 3393 2121 3464 Apollod.
2155 3400 2212 3461 1,
2232 3399 2292 3461 4,
2315 3399 2363 3449 6.

340 3461 504 3516 Diod.
535 3466 586 3530 ὅ,
615 3467 700 3529 55,
731 3468 779 3518 ὅ.
828 3463 919 3517 Tz.
950 3464 1026 3518 ad
1052 3464 1181 3533 Lyc.
1213 3469 1334 3518 923.
1390 3463 1769 3518 Wilamowitz
1806 3464 1995 3519 Herm
2020 3471 2104 3533 14,
2125 3470 2229 3520 467
2242 3482 2361 3534 sqq

484 3537 551 3586 18
591 3505 786 3588 Ἠλεκτ
787 3535 973 3603 ρυώνη
1021 3535 1229 3623 (E)Oss:
1274 3532 1620 3603 Ἠλεκτρυών
1669 3537 1752 3590 Βν
1816 3508 2154 3607 Ἀλεκτρώνα
2200 3537 2364 3591 inser.

338 3601 589 3657 Dittenb.
620 3603 903 3672 33111357
1051 3610 1118 3658 20
1149 3602 1487 3675 Ἡροφίλουε
1525 3622 1628 3676 ego
1783 3613 1854 3663 24
1892 3608 2175 3680 εὐάμαχον
