2646 3882
365 239 450 302 22
1263 238 1490 294 Scholia.

170 421 334 478 [0]Ηο
501 409 584 466 10
613 425 666 465 a.
741 403 1036 486 αἰθέρος
1098 405 1387 486 ἐρήμαςε
1460 403 1499 484 ’ἦ
1566 404 1673 486 μὲν
1736 407 2005 466 θάλασσα
2070 405 2181 486 ἔχει
2242 405 2387 478 τοὺς

362 495 568 574 ἰχθῦς,
621 490 659 572 ἡ
711 491 773 555 δὲ
818 504 894 576 γῆ
939 494 1010 554 τὰ
1053 495 1377 574 τετράποδα
1421 495 1519 556 καὶ
1564 495 1635 556 τὰ
1679 494 1917 575 ἑρπετὰ,
1964 492 1995 556 6
2042 493 2107 556 δὲ
2153 493 2269 574 ἀὴρ
2316 494 2386 555 τὰ

359 583 578 662 πτηνά·
626 580 658 644 6
695 581 891 661 μέντοι
917 583 1104 664 αἰθὴρ
1141 584 1427 664 πυρώδης
1464 582 1551 646 ὢν
1580 585 1691 646 οὐκ
1726 583 1853 664 ἔχει.
1969 585 2025 643 b.
2064 581 2103 663 ἣ
2138 582 2387 664 ἐρήμης,

359 681 464 752 τῆς
519 670 598 750 μὴ
653 669 897 752 ἐχούσης
950 669 1158 750 νέφος·
1221 672 1293 733 οὐ
1352 672 1465 755 γὰρ
1520 674 1858 735 συνίσταται
1903 673 1986 745 εἰς
2032 673 2385 753 θερμασίαν.

493 781 539 822 ο.
586 758 626 840 ἢ
673 759 771 821 διὰ
817 759 878 822 τὸ
929 761 1007 841 μὴ
1046 762 1377 839 φαίνεσθαι
1412 763 1787 840 οἰκούμενον.
1939 765 1992 822 d.
2040 759 2079 842 ἣ
2116 760 2196 834 ὡς
2230 761 2385 842 πρὸς

361 845 514 928 ἡμᾶς
550 847 791 929 ἐρήμης,
837 848 936 910 διὰ
982 849 1046 911 τὸ
1091 847 1339 930 ἡσύχιον
1382 849 1483 912 καὶ
1528 848 1764 932 ἤρεμον.
1826 868 1903 912 14⁸

211 946 327 1000 Αεῑε
502 941 584 999 10
605 959 651 999 e.
725 937 991 1020 διαφέρει
1045 935 1077 999 6
1138 937 1327 1020 αἰθὴρ
1381 938 1481 1000 καὶ
1534 937 1573 1017 ’ἡ
1630 939 1838 1019 αἰθὴρ,
1896 938 2046 1000 διότι
2098 935 2137 1018 ἡ
2192 937 2383 1018 αἰθὴρ

353 1025 572 1107 λέγεται
625 1037 796 1088 τοῦτο
849 1027 914 1088 τὸ
970 1025 1288 1108 στερέωμα,
1345 1025 1377 1089 6
1436 1027 1621 1110 αἰθὴρ
1676 1026 1741 1089 δὲ
1796 1027 2113 1110 ἀρσενικῶς
2157 1024 2195 1106 ἡ
2243 1025 2381 1088 ἕνα-

357 1133 526 1198 στρος
571 1121 812 1197 σφαῖρα,
865 1114 896 1177 6
939 1117 1120 1188 πόλος
1156 1114 1397 1189 ἐκεῖνος.
1452 1135 1636 1179 insunt

166 1222 333 1278 [omo
501 1208 580 1266 13
603 1225 654 1266 a.
721 1205 921 1267 ὅθενε
967 1203 1082 1266 ἀπὸ
1129 1214 1233 1284 τῆς
1273 1199 1611 1285 Ὀλυμπίας.

256 1309 332 1356 Ac
495 1297 576 1355 13
593 1296 648 1354 b.
686 1295 1122 1372 πολύφατοςε
1161 1292 1194 1354 6
1229 1292 1345 1354 ὑπὸ
1384 1298 1617 1356 πολλῶν
1645 1293 2060 1374 φημιζόμενος.
2162 1313 2207 1354 ο.
2238 1315 2378 1354 του-

294 1399 325 1444 c
351 1380 503 1443 τέστι
555 1384 1069 1463 πολυθρύλλητος,
1124 1381 1239 1443 ὑπὸ
1295 1387 1529 1443 πολλῶν
1574 1384 1899 1464 λεγόμενος.
2029 1385 2085 1442 d.
2130 1380 2169 1462 ἢ
2216 1380 2279 1443 ἕν
2329 1370 2377 1466 ᾧ

349 1470 554 1532 πολλοὶ
599 1472 952 1551 φημίζονται
997 1470 1096 1532 καὶ
1139 1473 1477 1544 κλεΐζονται.
1540 1493 1589 1534 15
1608 1491 1639 1534 Α

166 1576 332 1632 [0]κο
498 1563 578 1620 13
601 1581 648 1620 e.
695 1561 1130 1637 πολύφατοςε
1166 1561 1539 1640 πολύφημος.
1646 1563 1687 1620 f.
1726 1557 1758 1621 6
1788 1559 1905 1622 ’ὑπὸ
1934 1565 2165 1622 πολλῶν
2194 1584 2376 1639 φημι-

356 1648 600 1728 ζόμενος
643 1649 744 1710 καὶ
787 1647 1112 1730 λεγόμενος.
1203 1649 1701 1730 πολυθρύλλητος.
1770 1671 1821 1711 16

164 1753 333 1810 [0]κο
500 1740 581 1797 14
602 1757 652 1798 a.
719 1735 750 1798 6
798 1737 985 1814 ὕμνος
1029 1736 1094 1799 ἐκ
1137 1746 1244 1816 τῆς
1277 1731 1595 1818 Ὀλυμπίας
1639 1739 2041 1819 περιβάλλεται
2086 1743 2211 1810 ταῖς
2256 1747 2375 1798 τῶν

353 1834 558 1903 σοφῶν
605 1827 866 1905 μητίεσσι
909 1825 1009 1887 καὶ
1054 1825 1171 1886 ὑπὸ
1219 1827 1459 1888 πάντων
1504 1827 1729 1888 τούτων
1773 1825 2270 1898 κατασκευάζεται.

353 1915 409 1975 b.
475 1912 896 1996 ἀμφιβάλλεται
960 1912 1054 1995 δὲ,
1117 1912 1249 1994 ’ἤτοι
1309 1921 1639 1995 κοσμεῖται,
1702 1913 1741 1996 ἢ
1799 1916 2215 1998 περιγράφεται
2273 1914 2373 1977 καὶ

353 2006 867 2085 περιλαμβάνεται·
927 2004 1118 2086 ὥσπερ
1171 2004 1274 2065 καὶ
1302 2001 1565 2085 ’Ὅμηρος
1612 1998 1720 2088 (Ψ
1760 2000 1943 2089 255)·
2004 2006 2373 2085 τορνώσαντο

355 2090 418 2153 δὲ
465 2103 638 2173 σῆμα.

138 2197 389 2255 ameno
489 2186 632 2243 140.
681 2184 903 2262 ὕμνος
940 2180 1483 2262 ἀμφιβάλλεταιε
1522 2181 1704 2245 οἱονεὶ
1730 2184 2162 2264 περνγράφεται.
2210 2205 2374 2263 περι-

135 2286 428 2345 nemean
465 2273 746 2352 βάλλεται.
843 2266 854 2355 Ι
893 2272 945 2331 d.
985 2270 1130 2333 ἔνιοι
1169 2267 1232 2331 δὲ
1269 2276 1567 2350 κοσμεῖται
1605 2270 1636 2333 6
1673 2272 1880 2351 ὕμνος.
2019 2293 2067 2333 e.
2113 2269 2151 2350 ἡ
2201 2294 2375 2350 μετα-

349 2360 508 2442 φορὰ
553 2360 668 2423 ἀπὸ
713 2370 831 2422 τῶν
877 2360 1200 2439 στεφάνων.
1249 2379 1344 2422 ιοΑ
1364 2377 1461 2421 190
1490 2378 1563 2423 σε
1591 2369 1867 2435 18⁸[01fl0

287 2467 318 2510 Α
484 2453 582 2510 15.
647 2450 998 2511 κελαδεῖντ
1057 2448 1289 2527 ὑμνεῖν.
1355 2472 1405 2511 1⁷

487 2610 600 2665 sch.
633 2616 698 2664 10
718 2612 756 2663 f.
807 2610 956 2663 Suid.
993 2610 1206 2679 αἰθὴρ
1243 2613 1529 2679 θηλυκῶς·
1566 2608 1635 2665 Ὅ
1674 2631 1808 2680 ηρος
1835 2614 1918 2681 (Π
1942 2614 2089 2681 365)·
2130 2608 2371 2678 αἰθέρος

345 2682 407 2737 ἐκ
444 2679 581 2749 δίης.
640 2682 736 2735 καὶ
772 2679 1085 2749 Πίνδαρος·
1135 2679 1343 2751 ἐρήμας
1392 2678 1465 2736 δι’
1506 2681 1613 2736 αἰθ
1644 2700 1760 2750 ρος·
1806 2680 1952 2737 διότι
1987 2682 2250 2751 πυρώδης
2288 2679 2372 2737 ὢν

345 2754 413 2807 οὐ
448 2751 654 2821 τρέφει.
804 2757 868 2805 18
907 2753 1018 2806 sch.
1057 2753 1108 2805 A
1152 2756 1212 2805 Ψ
1245 2758 1347 2807 255

489 2910 517 2957 1
557 2902 764 2973 ἐρήμας
801 2900 871 2958 δι’
913 2902 1148 2971 αἰθέρος
1183 2919 1216 2958 ν
1362 2910 1393 2957 6
1434 2903 1639 2973 ἐρήμας
1676 2904 1717 2960 ss
1744 2907 1763 2974 ΙΙ
1790 2902 1994 2974 ἤρεμον
2034 2904 2207 2958 Oxon.
2248 2903 2370 2974 (cfr.

343 2974 460 3027 EM
497 2980 615 3040 373,
648 2980 713 3029 13
747 2996 760 3029 z
802 2975 1005 3043 ἔρημον
1211 2980 1240 3027 9
1282 2976 1572 3046 ἐκεῖ(νος“ἓ)
1612 2977 1703 3030 ΑΨ
1894 2982 1958 3029 12
2004 2974 2371 3045 ὑπὸ-λεγό-

344 3066 510 3115 μενος
545 3063 652 3100 om.
877 3051 942 3099 14
979 3046 1299 3115 πολύφατος
1342 3047 1405 3102 δὲ
1445 3046 1485 3103 ss
1556 3065 1613 3100 π.
1656 3046 1717 3101 δὲ
1746 3046 1777 3101 6
1807 3063 1839 3101 v
1986 3052 2051 3100 15
2090 3048 2188 3100 καὶ
2215 3045 2372 3115 λεγό-

343 3137 509 3187 μενος
552 3132 608 3172 v:
667 3114 958 3187 λεγόμενος
1005 3116 1098 3173 ΗΟ
1144 3134 1250 3171 om.
1303 3118 1394 3189 [D]
1577 3122 1642 3171 16
1688 3116 1726 3170 l.
1776 3115 1915 3172 ὅθεν
1963 3117 1993 3172 6
2043 3118 2372 3186 πολύφατος

341 3205 579 3257 praem.‚
619 3187 648 3242 6
686 3186 860 3257 ’ὕμνος
896 3204 987 3241 om
1023 3203 1055 3242 v
1082 3190 1100 3257 ΙΙ
1141 3186 1170 3241 6
1209 3205 1316 3242 om.
1360 3190 1397 3243 Η
1428 3190 1447 3257 ΙΙ
1483 3195 1585 3257 τῆς
1614 3186 1915 3259 Ὀλυμπίας
1953 3192 2009 3244 h:
2049 3195 2147 3243 τοῦ
2179 3186 2371 3257 Ὀλύμ-

341 3279 456 3314 που
601 3266 683 3314 19.
725 3266 792 3313 20
838 3260 1190 3327 τορνώσαντο
1229 3258 1292 3315 δὲ
1330 3259 1492 3315 codd.
1532 3259 1720 3313 Hom.:
1769 3258 2013 3328 τορνόσω
2060 3258 2189 3314 τόδε

345 3336 409 3383 21
457 3330 495 3385 l.
535 3331 602 3386 A:
643 3347 748 3385 om.
792 3333 827 3387 Ε
901 3329 1074 3392 ἄλλως
1109 3330 1351 3401 [DJHssv
1404 3333 1423 3401 ΙΙ
1476 3330 1653 3386 οἱονεὶ
1689 3330 2094 3403 περιγράφεται
2140 3329 2371 3385 Boeckh
2468 3374 2473 3379 .

343 3401 506 3471 expll.
547 3420 600 3471 p.
633 3408 760 3456 689:
801 3398 924 3457 οἷον
961 3400 1140 3455 εἰπεῖν
1178 3400 1455 3471 γράφεται
1492 3400 1786 3471 (τράφεται
1814 3404 1876 3471 Α)
2020 3407 2085 3454 22
2128 3401 2269 3455 ἔνιοι
2306 3401 2371 3455 δὲ

341 3474 648 3544 κοσμεῖται]
689 3473 830 3528 ἔνιοι
865 3472 928 3526 τὸ
966 3472 1375 3543 ἀμφιβάλλεται
1420 3474 1549 3528 ἀντὶ
1584 3482 1683 3527 τοῦ
1720 3482 1915 3542 κοσμεῖ
1950 3472 1987 3529 G
2024 3475 2044 3541 ΙΙ
2081 3481 2369 3541 κοσμεῖται

340 3543 481 3683 ςξὲ
521 3543 935 3672 ὅιὲοσβάλλεται
989 3552 1270 3612 κοσμεῖται
1318 3544 1408 3615 [D]
1427 3543 1467 3600 ss
1520 3543 1887 3615 προβάλλεται
1932 3560 2086 3612 κοσμ.
2137 3544 2225 3597 Ι·Ιν
2252 3545 2270 3611 ΙΙ
2306 3542 2368 3615 ἡ]

2416 1230 2471 1269 10

2409 1673 2463 1712 15
