2646 3882
1099 249 1322 320 Olymp.
1347 251 1399 304 11
1434 255 1501 304 29
2220 249 2309 316 69

286 440 482 498 μενος.
553 414 593 496 ἡ
631 415 696 482 δὲ
732 416 957 498 ἱστορία
991 418 1179 491 οὕτως
1215 415 1351 498 ἔχει·
1385 410 1395 500 Ι
1430 416 1644 499 Θήρων
1682 414 1713 478 ὁ
1750 426 1870 478 τῶν
1900 407 2219 499 Ἄκραγαν-
2267 436 2529 492 noneno-

287 509 469 569 τίνων
528 507 804 586 βασιλεὺς
863 505 1087 568 Γέλωνι
1150 512 1232 591 τῷ
1281 503 1548 587 Ἱέρωνος
1618 503 1859 590 ἀδελφῷ
1918 504 2311 585 ἐπικηδεύσας

286 597 458 683 γάμῳ
514 596 801 658 συνάπτει
855 594 967 673 τὴν
1024 594 1240 658 ἑαυτοῦ
1299 594 1600 677 θυγατέρα
1643 593 2028 675 Δημαρέτην,
2086 590 2196 674 ἀφ’
2235 589 2310 675 ἧς
2350 669 2353 672 ἢ

287 684 391 747 καὶ
433 683 498 746 τὸ
544 683 946 767 Δημαρέτειον
998 684 1256 764 νόμισμα
1308 682 1376 746 ἐν
1420 684 1681 768 Σικελίᾳ.
1770 693 1876 744 τοῦ
1934 680 1998 744 δὲ
2044 683 2311 758 Γέλωνος

237 797 264 838 5
289 778 560 836 τελευτᾶν
622 772 727 835 τὸν
789 774 928 853 βίον
988 771 1329 853 μέλλοντος,
1390 774 1736 851 Πολύζηλος
1796 770 1829 834 ὁ
1876 770 2143 851 ὁοἰδελφὸς
2200 773 2311 852 τὴν

294 862 646 944 στρατηγίαν
701 861 805 924 καὶ
855 861 966 940 τὴν
1019 860 1278 943 γαμετὴν
1334 871 1439 923 τοῦ
1494 859 1756 940 ἀδελφοῦ
1802 859 2123 941 διαδέχεται
2164 862 2311 923 κατὰ

292 951 396 1024 τὰς
441 950 712 1024 Γέλωνος
755 951 1121 1032 προστάξεις,
1165 949 1312 1012 ὥστε
1354 950 1421 1012 τὸ
1473 949 1755 1033 Θήρωνος
1801 950 1884 1024 εἰς
1921 949 2159 1011 Γέλωνα
2202 960 2311 1030 κῆ-

295 1040 399 1114 δος
454 1041 540 1114 εἰς
592 1039 699 1101 τὸν
743 1041 1094 1118 Πολύζηλον
1148 1044 1615 1120 μετατεθεῖσθαι.
1714 1043 1959 1124 λαμπρῷ
2023 1037 2089 1100 δὲ
2150 1039 2311 1125 αὐτῷ

295 1128 396 1191 καὶ
439 1127 800 1215 περιβλέπτφ
844 1129 1192 1210 τυγχάνοντι
1233 1127 1382 1189 κατὰ
1435 1127 1545 1206 τὴν
1589 1129 1869 1190 Σικελίαν
1906 1125 2105 1209 Ἱέρων
2151 1134 2313 1206 φθο-

213 1242 268 1282 ιο
293 1218 482 1296 νήσας
528 1216 561 1279 ὁ
605 1216 864 1294 ἀδελφὸς
907 1216 1009 1278 καὶ
1051 1217 1355 1298 πρόφασιν
1406 1217 1789 1297 σκηψάμενος
1842 1216 1945 1278 τὸν
1990 1216 2141 1298 πρὸς
2185 1223 2315 1279 Συ-

292 1309 536 1388 βαρίτας
579 1305 859 1386 πόλεμον,
903 1304 1222 1368 ἀπελαύνει
1262 1315 1368 1385 τῆς
1403 1306 1699 1387 πατρίδος.
1780 1303 1927 1366 ἀλλὰ
1960 1305 2060 1367 καὶ
2096 1316 2309 1368 τοῦτον

291 1396 646 1477 κατώρθωσε
707 1393 811 1458 τὸν
873 1393 1132 1474 πόλεμον
1191 1393 1224 1456 ὁ
1290 1395 1649 1474 Πολύζηλος.
1742 1389 1774 1456 ὅ
1840 1391 1903 1456 δὲ
1968 1393 2048 1474 μὴ
2114 1394 2314 1476 φέρων

289 1484 652 1566 γυμνότερον
713 1484 897 1546 αὐτοῦ
959 1489 1311 1566 κατηγορεῖν
1378 1483 1645 1564 ἐπειρᾶτο
1707 1493 2114 1565 νεωτερισμοῦ.
2213 1482 2313 1546 καὶ

293 1575 446 1637 οὕτω
500 1572 605 1635 τὸν
655 1572 942 1654 Θήρωνα,
995 1572 1633 1654 ὑπεραγανακτήσαντα
1686 1571 1983 1654 θυγατρὸς
2039 1573 2162 1652 ἅμα
2212 1573 2314 1635 καὶ

209 1685 261 1727 15
287 1665 562 1746 γαμβροῦ
578 1707 598 1742 ,
657 1664 943 1748 συρρῆξαι
997 1661 1146 1744 πρὸς
1195 1658 1436 1742 Ἱέρωνα
1492 1660 1748 1741 πόλεμον
1805 1661 1965 1743 παρὰ
2020 1660 2175 1746 Γέλᾳ
2232 1668 2312 1747 τῷ

289 1756 684 1836 Σικελιωτικῷ
741 1755 1014 1836 ποταμῷ,
1077 1743 1153 1813 οὗ
1207 1751 1577 1832 Καλλίμαχος
1631 1750 1917 1830 μέμνηται
1974 1744 2073 1834 (fr.
2124 1745 2283 1835 361)
2297 1767 2309 1778 ·

289 1841 354 1903 οἶ
421 1838 486 1901 δὲ
548 1838 699 1924 Γέλα
769 1845 1012 1925 ποταμῷ
1084 1837 1456 1918 ἐπικείμενον
1514 1837 1679 1902 ἄστυ.
1770 1838 1853 1919 μή
1915 1862 1980 1921 γε
2044 1838 2164 1920 μὴν
2228 1841 2314 1913 εἰς

290 1928 542 2011 βλάβην,
599 1925 747 2009 μηδὲ
809 1929 894 2003 εἰς
946 1927 1110 2002 τέλος
1169 1937 1547 2011 προχωρῆσαι
1596 1927 1699 1990 τὸν
1752 1927 2033 2009 πόλεμον·
2077 1930 2086 2007 Ι
2127 1928 2275 2007 φασὶ
2312 1948 2523 2004 sceno

290 2018 401 2100 γὰρ
446 2018 572 2081 τότε
607 2018 962 2098 Σιμωνίδην
1006 2016 1111 2079 τὸν
1155 2017 1400 2099 λυρικὸν
1443 2017 1823 2099 περιτυχόντα
1870 2017 2144 2080 διαλῦσαι
2189 2022 2314 2093 τοῖς

208 2131 264 2171 20
292 2110 594 2189 βασιλεῦσι
637 2106 748 2186 τὴν
793 2106 1032 2188 ἔχθραν.
1122 2107 1355 2180 τούτοις
1404 2107 1635 2179 οἰκείως
1690 2112 1814 2180 τοῖς
1860 2108 2169 2184 φθάσασιν
2215 2106 2313 2169 εὔ-

291 2202 502 2277 χεσθαι
553 2202 634 2281 τῷ
679 2196 788 2257 Διί
827 2212 978 2274 φησι
1037 2194 1142 2257 τὸν
1187 2196 1499 2277 Πίνδαρον
1554 2193 1587 2256 ὁ
1632 2196 1929 2274 Δίδυμος,
1995 2196 2137 2257 ὥστε
2192 2201 2313 2258 λοι-

289 2284 408 2347 πὸν
451 2284 654 2359 αὐτοῖς
698 2285 1002 2366 εἶρηναῖον
1046 2278 1198 2346 εἶναι
1242 2284 1345 2346 τὸν
1381 2285 1535 2365 βίον.
1670 2305 1719 2346 e.
1765 2282 1807 2363 ἡ
1844 2276 1956 2346 οὖν
1992 2284 2227 2346 διάνοια
2273 2304 2531 2363 ueneno

293 2375 467 2454 αὕτη·
539 2373 615 2436 σὺ
659 2371 799 2453 μὲν,
857 2366 905 2434 ὦ
949 2378 1092 2453 Ζεῦ,
1136 2374 1459 2455 παράσχοις
1502 2373 1695 2434 πάντα
1738 2372 1811 2435 τὰ
1854 2374 2157 2453 κάλλιστα,
2214 2372 2315 2435 καὶ

293 2462 441 2543 πρὸς
493 2472 566 2547 τῇ
621 2460 774 2549 οὔσῃ
829 2462 1178 2547 εὐδαιμονία
1230 2462 1473 2524 πλείονα
1528 2463 1698 2541 δοίης
1743 2460 1961 2543 ἀγαθά.
2052 2462 2108 2523 εἰ
2151 2460 2216 2523 δέ
2259 2484 2315 2522 τι

213 2575 264 2616 2⁵
293 2550 359 2614 ἒν
412 2557 536 2625 τοῖς
581 2552 854 2629 φθάσασι
905 2551 1140 2633 χρόνοις
1193 2550 1565 2632 συμβέβηκεν
1616 2548 1868 2631 ἄτοπον,
1914 2551 2025 2611 εἴτε
2070 2551 2314 2625 δικαίως

293 2642 404 2703 εἴτε
442 2640 547 2721 μὴ,
582 2650 756 2702 τοῦτο
795 2639 902 2722 οὐχ
938 2634 1068 2702 οἶόν
1104 2638 1164 2701 τέ
1197 2638 1378 2719 ἐστιν,
1422 2637 1562 2702 οὐδὲ
1598 2640 1758 2726 αύτῷ
1794 2646 1875 2725 τῷ
1910 2639 2123 2726 χρόνῳ,
2168 2640 2313 2701 ὥστε

293 2729 373 2809 μὴ
419 2727 812 2812 γεγενημένον
847 2738 1105 2809 πονῆσαι.
1160 2728 1228 2791 τὸ
1265 2728 1378 2811 γὰρ
1407 2728 1727 2810 γενόμενον
1756 2728 2043 2811 ἀγένητον
2069 2739 2315 2810 ποιῆσαι

438 2923 612 2973 1-15
651 2918 748 2971 cfr.
789 2916 982 2971 Thom.
1016 2923 1146 2985 113,
1175 2922 1242 2970 22
1280 2917 1386 2971 Ab.
1561 2923 1593 2972 3
1639 2917 1821 2988 γάμον
1861 2920 1897 2973 Ε
1940 2920 1961 2986 ΙΙ
2005 2917 2209 2973 ἑαυτοῦ
2247 2918 2311 2975 0:

292 2990 468 3046 αὐτοῦ
495 2992 516 3058 ΙΙ
540 2986 864 3059 Λημερέτην
901 2991 960 3043 et
995 2995 1028 3041 4
1061 2987 1434 3058 Δημερέτειον
1474 2989 1510 3044 Ε
1632 2994 1664 3042 5
1704 2988 1734 3043 ὁ
1772 2987 2018 3058 ἀδελφὸς
2054 2987 2118 3045 0:
2155 2990 2316 3045 ἀδελ-

291 3062 400 3131 φὸς
509 3066 541 3115 6
581 3057 866 3134 βασιλείαν
903 3059 1098 3114 Thom.
1127 3062 1146 3129 ss
1171 3067 1274 3115 τοῦ
1310 3060 1561 3129 ἀδελφοῦ
1600 3062 1639 3115 Β
1657 3062 1694 3115 D
1710 3061 1829 3115 En:
1870 3060 2043 3115 αὐτοῦ
2082 3059 2119 3117 0
2132 3061 2173 3118 ss

294 3138 322 3187 '1
363 3132 618 3194 Γέλωνος
656 3132 878 3188 Boea:
925 3136 988 3185 Γ.
1035 3138 1136 3185 τοῦ
1182 3132 1433 3200 ἀδελφοῦ
1471 3130 1564 3188 0ss
1706 3136 1739 3185 8
1776 3127 2184 3200 μετατίθεσθαι
2223 3132 2259 3187 Ε
2294 3132 2316 3204 ΙΙ

292 3204 442 3277 αὐτῷ
481 3220 590 3258 om.
632 3204 716 3257 Βν
835 3207 900 3256 10
938 3201 1297 3272 σκηψάμενος
1334 3204 1393 3257 Ιιε
1432 3198 1781 3272 σκεψάμενος
1805 3204 1825 3271 ΙΙ
1850 3202 1950 3257 τὸν
1988 3219 2093 3257 om.
2136 3205 2172 3258 Ε

295 3281 362 3330 13
388 3282 569 3345 γϋμνο
600 3275 639 3329 Ε
675 3275 804 3342 (om.
833 3275 1043 3343 -τερον)
1137 3278 1202 3327 15
1239 3280 1495 3343 γαμηρᾶς
1523 3276 1559 3328 Ε
1586 3274 1605 3341 ΙΙ
1631 3274 1761 3341 περὶ
1790 3275 1877 3329 GD
1975 3279 2037 3327 17
2068 3273 2211 3345 γάλα
2242 3276 2315 3345 ΕΙΙ

293 3344 438 3402 Γέλα
473 3352 736 3414 ποταμοῦ
771 3346 987 3415 κεφαλῇ
1025 3346 1068 3399 Α
1106 3346 1214 3412 (79,
1243 3346 1298 3414 2)
1348 3347 1367 3413 ΙΙ
1419 3342 1757 3412 ἐπικείμενοι
1796 3346 1832 3399 Ε
1858 3348 1879 3414 ΙΙ
1914 3342 1990 3413 μή
2026 3364 2087 3416 γε
2123 3345 2234 3415 μὴν
2273 3346 2314 3403 ss

293 3419 390 3487 (hh
429 3434 499 3472 ex
536 3416 756 3485 Brub.):
793 3414 868 3485 μή
903 3435 966 3486 γε
1002 3434 1098 3484 μιν
1137 3417 1325 3472 BERV
1380 3415 1513 3484 μήτε
1550 3415 1659 3485 μὴν
1690 3415 1726 3471 G
1782 3415 1855 3485 μὴ
1894 3414 2084 3485 μέντοι
2120 3436 2181 3485 γε
2220 3416 2311 3472 ΠΒ

238 3486 246 3493 ’
434 3493 502 3543 18
541 3486 682 3557 μηδὲ
723 3486 990 3544 cuti-m:
1030 3486 1104 3557 μὴ
1145 3489 1184 3542 Β
1368 3491 1433 3540 19
1471 3484 1868 3557 παρατυχόντα
1909 3486 1945 3542 0
2128 3491 2196 3539 20
2235 3486 2315 3540 οἱ-

291 3570 442 3615 κεῖον
481 3559 568 3616 ch
626 3553 855 3620 οἰκείοις
893 3560 929 3613 Ε
1117 3563 1184 3611 21
1221 3558 1353 3627 post
1388 3578 1431 3626 φ
1472 3575 1525 3611 σι
1560 3560 1735 3627 repet.
1774 3556 2043 3627 εὔχεσθαι
2081 3559 2117 3611 Ε

293 3637 360 3685 23
394 3630 590 3686 πάντα
617 3628 887 3685 θῦΕΗΠε
917 3636 1055 3683 πᾶσι
1083 3631 1122 3684 Β
1232 3634 1300 3683 26
1340 3629 1449 3683 οὐδ
1503 3628 1565 3685 0:
1606 3628 1732 3683 οὔτε
1837 3633 1905 3680 27
1935 3626 2244 3696 ἀγέννητον
2276 3625 2312 3680 Ε
