2646 3882
331 267 461 334 358
1012 308 1016 315 -
1228 268 1456 325 Scholia

127 454 335 511 Βουεο
425 457 473 498 ο.
518 433 733 509 ἄλλως·
768 435 1083 518 πρόθυρον
1117 434 1217 497 καὶ
1252 436 1452 517 θύρας
1489 436 1737 498 εἰώθασι
1770 440 1969 497 καλεῖν
1996 434 2106 513 τὴν
2134 433 2365 514 Κόριν-

330 531 451 586 θον
498 523 595 586 διὰ
641 524 704 587 τὸ
751 523 940 606 ἀρχὴν
982 522 1023 605 ἢ
1058 524 1219 599 τέλος
1254 518 1410 587 εἶναι
1443 534 1548 605 τῆς
1584 524 2071 603 Πελοποννήσου.
2126 528 2366 605 Βακχυ-

330 614 500 693 λίδης
537 607 614 697 (ο.
640 615 689 692 1,
710 607 846 698 14)·
894 607 941 675 ὦ
981 612 1251 688 Πέλοπος
1288 618 1537 696 λιπαρᾶς
1573 615 1762 676 νάσου
1799 612 2120 693 θεόδματοι
2153 612 2366 677 πύλαι.

149 720 311 778 80εο
418 705 473 765 d.
520 699 561 782 ἦ
617 703 828 776 οὕτως·
887 701 1011 765 ἐπεὶ
1064 701 1231 784 ἀρχὴ·
1268 700 1378 783 μὲν
1433 708 1557 776 τοῖς
1615 701 1732 764 ἀπὸ
1785 712 1894 782 τῆς
1935 698 2218 774 Ἑλλάδος
2272 701 2376 775 εἰς.

327 790 796 871 Πελοπόννησον
858 790 1282 874 πορευομένοις
1298 836 1318 871 ,
1389 790 1598 873 ἐσχάτη
1673 790 1736 853 δὲ
1798 801 1905 871 τῆς
1968 790 2366 869 Πελοποννή-
2423 812 2454 853 5

329 898 459 943 σου.
521 912 593 942 me
568 906 652 943 etr.
682 900 714 943 Β

119 987 325 1044 Bouto
464 973 576 1031 6⁸.
640 967 715 1031 έν
767 976 847 1055 τᾷ
898 968 1037 1052 γὰρ
1076 968 1406 1049 Εὐνομία
1461 970 1675 1031 ναίει.
1729 968 1795 1031 έν
1849 968 1960 1049 γὰρ
2013 969 2228 1055 ταύτῃ,
2285 979 2364 1053 τῇ

328 1060 670 1171 Koplvfim,‘
701 1058 858 1121 οἰκεῖ’
910 1055 949 1137 ἡ
1004 1058 1283 1138 Εὐνομία
1343 1057 1444 1120 καὶ
1497 1056 1725 1138 ἀδελφὴ
1781 1057 1966 1138 αὐτῆς
2021 1032 2372 1139 ὁμότροφος.

326 1147 587 1229 Εἰρήνη·
636 1145 717 1221 ὣς
754 1142 1031 1222 Ἡσίοδος
1077 1140 1303 1231 (theog.
1345 1140 1531 1229 901)-

504 1255 781 1336 δευτερον
826 1252 1073 1336 ἠγάγετο
1119 1253 1376 1335 λιπαρὴν
1427 1252 1632 1333 Θέμιν,
1675 1251 1715 1333 ἢ
1760 1252 1928 1315 τέκεν
1954 1249 2150 1334 Ὥρας
2393 1275 2452 1315 ιο

504 1343 822 1423 Ευνομίην
867 1365 927 1405 τε
973 1345 1170 1422 Δίκην
1215 1366 1275 1405 τε
1318 1342 1420 1405 καὶ
1464 1343 1741 1423 Εἰρήνην
1785 1348 2122 1404 τεθαλυῖαν.

409 1450 471 1513 ·b.
516 1450 796 1530 βάθρον
830 1449 1125 1511 πολίωνε
1154 1444 1252 1527 ἐφ’
1276 1442 1364 1511 ὧν
1391 1460 1552 1510 πᾶσα
1577 1449 1748 1521 πόλις
1776 1447 2055 1525 ἀσφαλῶς
2083 1447 2363 1529 βέβηκεν.

169 1556 333 1613 coeo
424 1559 473 1599 ο.
519 1537 819 1617 Εὐνομία,
864 1538 1041 1617 Δίκη,
1086 1536 1323 1619 Εἰρήνη
1368 1536 1619 1616 ἀδελφαὶ
1664 1536 1730 1599 ἐκ
1779 1536 2047 1618 Θέμιδος.

116 1644 326 1701 acuto
466 1629 546 1687 12
568 1646 621 1687 a.
682 1624 1008 1688 ἐθέλοντι
1043 1621 1099 1687 δ’
1124 1624 1404 1701 ἀλεξεῖν
1443 1627 1684 1707 ὕβρινε
1729 1625 1858 1706 ἤτοι
1895 1626 2174 1699 εὐκτικῶς
2210 1620 2362 1705 εἷπε,

325 1713 436 1793 τὴν
481 1724 599 1776 τῶν
645 1720 829 1777 θεῶν·
889 1716 1201 1796 βούλοιντο
1248 1710 1305 1777 δ’
1339 1714 1415 1777 ἂν
1469 1714 1805 1796 ἀπαμύνειν
1861 1715 1970 1795 τὴν
2025 1716 2203 1797 ὕβριν
2254 1714 2360 1777 καὶ
2395 1736 2450 1778 15

326 1802 717 1868 ἀποκωλύειν·
776 1800 817 1883 ἦ
863 1803 998 1886 περὶ
1040 1814 1158 1866 τῶν
1201 1806 1578 1887 Κορινθίων,
1635 1805 1722 1866 ὅτι
1767 1805 2040 1885 βούλημα
2086 1803 2150 1865 δέ
2193 1802 2356 1866 ἔστιν

328 1892 524 1956 αὐτῶν
568 1892 669 1956 καὶ
704 1893 924 1968 σκοπὸς
958 1892 1247 1957 ἐκκλίνειν
1283 1894 1393 1975 τὴν
1431 1894 1630 1976 ὕβριν,
1675 1892 1808 1956 ἀντὶ
1844 1904 1950 1956 τοῦ
1987 1890 2355 1968 καθεστῶτες

131 2001 374 2058 Β(σ)υεο
410 1984 521 2045 εἰσι
564 1983 664 2046 καὶ
709 1983 815 2065 οὐχ
860 1984 1148 2065 ὑβρισταί.
1290 1985 1347 2044 b.
1395 1981 1543 2045 ἔνιοι
1599 1982 1661 2045 δὲ
1710 1985 1921 2056 οὕτως·
1968 1985 2244 2064 βούλημα
2290 1981 2357 2046 δὲ

324 2071 428 2134 καὶ
480 2072 706 2136 σκοπὸν
765 2071 998 2154 ἔχουσιν
1062 2073 1132 2134 αἱ
1182 2083 1288 2154 τῆς
1352 2072 1606 2153 Θέμιδος
1665 2071 1986 2153 θυγατέρες
2045 2070 2358 2157 ἀπαλεξεῖν

326 2161 436 2240 τὴν
482 2162 661 2243 ὕβριν
706 2160 815 2240 τὴν
860 2171 967 2225 τοῦ
1010 2161 1194 2243 κόρου
1240 2160 1462 2243 μητέρα
1506 2161 1617 2241 τὴν
1662 2167 1970 2242 θρασεῖαν.
2036 2179 2137 2235 160
2389 2183 2446 2222 20

468 2375 497 2424 1
539 2367 713 2433 ἄλλως
742 2367 859 2425 Dss:
898 2385 1005 2422 om.
1039 2370 1079 2424 Β
1133 2367 1309 2432 ἄλλως
1342 2365 1643 2437 πρόθυρον
1671 2370 1992 2431 Ποτιδᾶνος
2022 2369 2057 2422 Ε
2099 2364 2356 2437 Ἰσθμίου

326 2438 364 2495 G
388 2441 410 2509 11
434 2437 734 2509 πρόθυρον
770 2437 964 2494 τοίνυν
1001 2438 1098 2493 καὶ
1127 2441 1208 2494 BV
1252 2441 1273 2508 ΙΙ
1308 2439 1429 2510 καὶ]
1467 2439 1530 2493 δὲ
1563 2441 1598 2494 Ε
1634 2441 1654 2508 11
1689 2438 1878 2508 θυρας
1908 2439 2125 2495 GDEss:
2163 2439 2360 2507 θύραν

328 2513 411 2566 Βν
520 2517 551 2564 2
588 2512 719 2581 post
745 2509 1180 2578 Πελοποννήσου
1219 2510 1349 2565 add.
1386 2510 1487 2564 τὸν
1520 2507 1766 2580 ’.Ισθμόν
1813 2509 2112 2579 πρόθυρον
2149 2511 2212 2564 δὲ
2240 2519 2360 2572 τοῖς

325 2582 404 2646 εἰς
449 2579 885 2656 Πελοπόννησον
930 2579 1305 2651 στελλομένοις
1353 2583 1435 2636 Βν
1481 2581 1601 2650 (cfr.
1630 2584 1730 2651 48.)
1913 2586 1944 2635 3
1993 2580 2223 2636 Πέλοπα
2263 2584 2302 2637 D
2339 2581 2360 2653 11

322 2650 468 2708 θεόδ
506 2672 631 2723 ητοι
661 2654 698 2708 Ε
742 2655 972 2722 -δμηται
1001 2651 1043 2709 (l
1154 2659 1182 2706 7
1204 2670 1284 2722 sq.
1327 2651 1484 2720 „sine
1522 2651 1694 2706 dubio
1723 2651 2020 2706 mutilum“
2047 2651 2362 2707 Mommsen
2454 2707 2458 2712 ,

325 2675 505 2794 ειιΡΡὶι.
544 2742 598 2792 p.
630 2729 733 2777 159
880 2730 909 2777 7
948 2727 1019 2798 τᾷ
1060 2725 1125 2781 D:
1161 2731 1229 2795 τῇ
1269 2723 1307 2780 G
1360 2727 1498 2798 τᾷδε
1537 2723 1681 2781 ΒΕΟ
1717 2726 1739 2793 11
1783 2720 1932 2778 ναίει
1969 2740 2077 2777 om.
2119 2723 2362 2794 (1205ss

430 2800 465 2850 8
500 2799 637 2864 Κορ.
679 2794 851 2864 φησὶν
890 2797 973 2850 Βν
1006 2797 1027 2864 11
1062 2794 1160 2848 καὶ
1196 2793 1232 2864 ἡ
1270 2795 1362 2849 ἀδ.
1401 2777 1581 2864 001111
1609 2793 1919 2864 ὁμότροπος
1958 2795 2047 2851 GD
2175 2800 2241 2849 10
2277 2798 2362 2849 λι-

323 2865 517 2935 παρὰν
555 2865 691 2923 8ον
734 2869 754 2936 11
797 2864 920 2921 τέκε
956 2866 1166 2936 κούρας
1198 2866 1366 3008 {120313
1405 2868 1442 2922 Ρ
1475 2883 1533 2935 Ρ.
1564 2869 1632 2937 ο.)
1780 2872 1841 2920 11
1885 2863 2174 2935 Εὐνομίαν
2216 2864 2306 2922 ΕΠ
2337 2866 2363 2939 11

323 2957 383 2992 τε
419 2939 592 3028 (post,
604 2933 787 3006 Δίκην
846 2954 952 2992 om.
986 2939 1069 2992 Βν
1395 2935 1458 2992 δὲ
1493 2935 1709 2992 πόλεων
1747 2938 1875 2992 ἀντὶ
1911 2945 2011 2992 τοῦ
2041 2887 2136 3006 ἐφ’
2162 2931 2242 2992 ὦν
2272 2939 2359 2992 Βν

325 3011 457 3063 ante
495 3009 568 3078 ἐφ
575 3003 697 3063 ’ὧν
734 3025 769 3062 a.
810 3008 862 3063 d.
903 3006 1055 3080 βάθρ
1060 3027 1127 3063 ον
1162 2938 1379 3064 πόλεων
1415 3009 1558 3078 αὐτῆ
1523 3016 1589 3078 ῆς
1626 3010 1663 3063 Ε
1675 3008 1759 3079 (ss)
1941 3013 2010 3062 14
2045 3007 2210 3079 ὕβριν
2249 3025 2359 3062 om.

326 3030 568 3138 ΒΠΕΟΨ
676 3085 742 3135 15
778 3078 882 3149 τὴν
903 3010 1055 3136 τῶνρ
1062 3082 1219 3134 θεῶν
1258 3078 1296 3135 G
1308 3080 1522 3169 (1))Εο
1561 3079 1688 3134 ἀντὶ
1723 3087 1823 3134 τοῦ
1861 3078 1922 3133 αἱ
1956 3078 2360 3150 προειρημέναι

323 3153 462 3206 θεαὶ
497 3150 940 3220 ἀπαλεξήσουσιν
966 3159 1079 3206 τῶν
1104 3149 1322 3205 πόλεων
1352 3151 1454 3220 τὴν
1481 3148 1670 3222 υβριν·
1709 3149 1834 3218 ἥτοι
1868 3152 1951 3205 nv
1987 3150 2268 3220 (6113120)

327 3228 392 3276 16
412 3240 533 3291 sqq.
573 3222 644 3276 de
675 3225 712 3278 Ε
740 3221 839 3276 cfr.
868 3221 1018 3276 insta
1046 3221 1121 3276 ad
1150 3227 1217 3275 20
1244 3224 1263 3290 11
1292 3219 1402 3294 ὅτι]
1432 3222 1604 3292 φησὶν
1633 3219 1719 3276 ὅτι
1749 3223 1831 3276 Βν
1855 3223 1878 3291 11
1904 3219 1968 3276 δὲ
1997 3238 2102 3276 om.
2136 3220 2364 3278 cutha

469 3299 535 3347 17
581 3292 680 3349 καὶ
724 3292 953 3356 σκοπὸς
969 3309 1075 3347 om.
1118 3293 1184 3347 [u
1228 3296 1246 3362 11
1290 3294 1424 3362 post
1467 3293 1595 3348 ἀντὶ
1635 3301 1735 3347 τοῦ
1773 3292 1902 3347 add.
1942 3291 2208 3358 καθέξειν
2253 3291 2361 3362 τὴν

325 3359 490 3433 ὕβριν
533 3363 636 3434 τὴν
680 3370 779 3417 τοῦ
825 3360 997 3430 κόρου
1044 3362 1251 3433 μητέρα
1297 3363 1400 3433 τὴν
1443 3366 1749 3431 θρασεῖαν·
1789 3361 1967 3433 Ὅμηρ
1972 3382 2054 3426 ος·
2101 3360 2361 3418 τίκτει-ὲ-

329 3431 527 3503 ἕπηται
565 3434 606 3492 ss
651 3433 771 3524 (cfr.
822 3434 1097 3503 8011126)
1142 3437 1161 3504 11
1206 3438 1636 3498 καθεστῶτες-
1656 3441 1720 3489 18
1766 3385 2044 3507 ὑβρισταί]
2091 3432 2363 3500 καθέξειν

326 3505 430 3572 τὴν
466 3504 630 3576 υβριν
666 3504 768 3573 τὴν
804 3513 903 3558 τοῦ
941 3503 1151 3572 κρόνου
1187 3503 1395 3574 μητέρα
1428 3509 1464 3561 Ι)
1612 3511 1678 3559 18
1695 3523 1813 3575 sqq.
1856 3505 2115 3560 sch.12b
2144 3506 2202 3558 et
2229 3521 2260 3559 ο
2297 3505 2362 3559 in

329 3591 503 3628 unum
540 3578 713 3629 contr.
746 3573 784 3630 G
930 3581 995 3629 18
1034 3577 1096 3631 δὲ
1111 3575 1278 3666 (alt)
1314 3593 1422 3631 om.
1463 3579 1500 3632 Ε
1647 3582 1710 3629 19
1747 3575 2079 3666 θυγατέρες
2091 3577 2209 3631 BD:
2247 3579 2364 3630 θυ-

330 3641 451 3698 σίαι
488 3645 577 3703 ΕΟ
757 3650 825 3699 20
872 3643 1060 3717 υβριν]
1106 3645 1271 3718 υβριν
1315 3654 1417 3716 τῆς
1459 3645 1671 3718 υβρεως
1719 3650 1783 3714 D,
1831 3664 1936 3701 om.
1983 3653 2082 3701 τοῦ
2129 3645 2303 3715 κόρου
2339 3649 2360 3721 11
