2646 3882
369 144 499 209 368
1267 144 1493 199 Scholia

368 308 657 393 γενομένη
700 310 945 393 ἔρριψεν
992 310 1208 390 ἑαυτὴν
1254 312 1339 384 εἰς
1375 310 1439 373 τὸ
1475 320 1612 392 πῦρ.
1695 311 1995 393 καθάρσια
2044 302 2164 380 οὖν
2193 308 2398 392 ἄγεται

368 412 441 486 τῇ
477 406 625 485 θεῷ,
668 400 843 461 ατινα
878 401 944 462 οἰ
974 400 1114 480 μετὰ
1150 410 1333 463 ταῦτα
1364 394 1605 479 ’Λλήτου
1635 397 1916 462 Ἑλλώτια
1945 404 2250 461 καλοῦσιν.
2299 419 2398 463 ωε

154 507 367 564 800εο
458 510 506 550 0.
562 488 731 571 ἑορτὴ
800 499 906 569 τῆς
958 484 1223 568 Ἀθηνᾶς
1276 488 1344 550 ἐν
1392 490 1711 574 Κορίνθῳ,
1775 487 1840 549 ἐν
1886 476 1938 599 ᾗ
1983 488 2080 550 καὶ
2144 486 2176 549 ὅ
2231 488 2399 570 ἀγὼν

247 2091 324 2146 ΕΟ

366 584 609 642 τελεῖται
652 576 686 639 ὁ
730 578 1093 658 καλούμενος
1135 577 1723 659 λαμπαδοδρομικὸς,
1775 576 1843 639 ἐν
1889 602 1937 662 ῳ
1983 576 2211 658 ἔτρεχον
2253 600 2397 639 νεα-

352 669 494 729 -νίαι
546 667 855 747 λαμπάδας
916 676 1283 748 κρατοῦντες.
1373 667 1524 745 αὕτη
1580 665 1644 728 δὲ
1688 664 1729 746 ’ἦ
1781 666 2115 747 πανήγυρις
2169 664 2396 747 εὑρέθη

364 755 514 819 κατὰ
560 754 667 836 μέν
722 778 885 829 τινας
938 755 1142 834 ἐπειδὴ
1200 755 1303 818 τὸν
1350 756 1532 817 ἵππον
1577 766 1683 817 τοῦ
1727 756 2202 838 Βελλεροφόντου
2248 754 2399 817 ὑπέ-

364 847 537 921 ταξεν
582 842 621 924 ἡ
668 844 813 918 θεὸς
856 843 962 906 τὸν
999 844 1286 925 Πήγασον
1331 844 1429 905 καὶ
1473 842 1829 926 περιέθηκεν
1871 844 2032 929 αὐτῷ
2073 843 2148 905 τὰ
2183 845 2398 925 χαλινὰ

362 934 468 995 καὶ
526 935 713 1007 οὕτως
768 928 922 996 εἷλεν
979 933 1177 996 αὐτόν.
1278 930 1319 1013 ἢ
1374 932 1476 995 διὰ
1533 944 1732 996 τοῦτο·
1793 937 2042 1015 Δωριεῖς
2101 934 2214 995 σὺν
2267 940 2398 1007 τοῖς

354 1020 767 1104 Ηρακλείδαις
813 1020 1155 1102 ἐπιθέμενοι
1202 1024 1709 1102 Πελοποννησίοις
1753 1022 2070 1104 Κόρινθον
2115 1024 2397 1104 χειρωσά-

368 1134 537 1191 μενοι
590 1112 811 1189 ταύτην
858 1122 930 1198 τῇ
976 1111 1149 1193 φλογι
1198 1110 1579 1192 συνέφλεγον.
1673 1121 1792 1173 τῶν
1837 1112 2043 1173 τοίνυν
2087 1121 2416 1193 γυναικῶν.

366 1200 434 1263 ἐν
478 1210 550 1284 τῇ
594 1200 890 1282 πορθήσει
933 1210 1307 1281 φευγουσῶν,
1353 1198 1508 1272 τινὲς
1544 1199 1603 1275 ἐξ
1642 1200 1838 1262 αυτῶν
1875 1225 1998 1280 αμα
2031 1199 2398 1287 Εὐρυτιώνῃ

357 1288 469 1351 -και
503 1287 807 1351 Ἑλλωτίδι
860 1290 943 1363 εἰς
996 1289 1102 1352 τὸν
1155 1298 1260 1369 τῆς
1300 1284 1568 1368 Ἀθηνᾶς
1621 1290 1994 1351 εἰσελθοῦσαι
2037 1288 2190 1351 νεὼν
2217 1290 2399 1353 οὕτω

370 1379 809 1456 διαφεύξασθαι
852 1378 956 1440 τὸν
1002 1378 1290 1441 κίνδυνον
1337 1378 1798 1457 προσεδόκησαν.
1890 1376 1972 1451 ὡς
2019 1375 2082 1439 δὲ
2125 1374 2400 1465 ἤσθοντο

369 1471 647 1549 Δωριεῖς,
705 1466 853 1528 κατὰ
910 1468 1136 1529 τούτων
1194 1476 1316 1547 πῦρ
1376 1466 1666 1547 επεμψαν.
1765 1468 1834 1527 αἱ
1887 1465 1995 1546 μὲν
2055 1458 2166 1528 ουν
2224 1465 2402 1530 άλλαι

370 1555 627 1636 ἔφυγον,
682 1552 723 1634 ἡ
784 1554 849 1616 δὲ
909 1554 1263 1636 Εὗρυτιώνη
1316 1555 1418 1617 καὶ
1469 1552 1510 1634 ἡ
1549 1552 1822 1628 Ἑλλωτὶς
1876 1554 2128 1634 ἀδελφαὶ
2181 1558 2420 1637 τυγχά-,

371 1662 583 1706 νουσαι
650 1643 810 1723 μετὰ
859 1645 1102 1706 παιδίου
1166 1643 1669 1725 κατεφλέχθησαν.
1771 1650 1981 1723 λοιμοῦ
2047 1642 2112 1705 δὲ
2172 1662 2400 1759 συμπε-

370 1732 576 1806 σόντος
621 1733 695 1795 ου
740 1734 1023 1815 πρότερον
1066 1733 1131 1795 τὸ
1178 1732 1410 1813 νόσημα
1453 1734 1801 1795 παύσασθαι
1837 1733 1954 1813 ἔφη
1991 1729 2030 1812 ἡ
2068 1734 2212 1806 θεὸς
2247 1734 2397 1815 πριν

369 1821 790 1896 ἐξιλεώσασθαι
826 1832 942 1883 τῶν
980 1820 1301 1904 παρθένων
1337 1821 1442 1895 τὰς
1477 1821 1675 1902 ψυχας
1710 1821 1811 1883 καὶ
1838 1818 2186 1896 Ἑλλωτίδος
2208 1820 2396 1903 Ἀθη.-

371 1920 480 1986 νᾶς
518 1912 685 1994 ἱερὸν
730 1912 1091 1994 ἱδρύσασθαι
1142 1910 1244 1974 καὶ
1292 1910 1632 1993 πανήγυριν
1670 1908 1948 1974 Ἑλλώτια
1988 1910 2396 1992 καλουμένην·

368 1996 515 2062 καθ’
548 2002 625 2081 ἥν
668 2019 860 2080 φησιν
905 2002 1141 2074 ἑπτάκις
1185 1999 1560 2079 νενικηκέναι
1603 1999 1707 2062 τὸν
1753 1997 2123 2080 Ξενοφῶντα.

372 2093 426 2153 d.
490 2088 703 2164 ἄλλως·
770 2083 834 2152 ἕν
900 2091 1188 2176 Κορίνθῳ
1250 2089 1320 2152 τὰ
1376 2087 1657 2151 Ἑλλώτια
1726 2088 1924 2206 ἄγεται
1985 2100 2058 2174 τῇ
2113 2086 2401 2176 Ἑλλωτίᾳ

514 2320 541 2368 1
582 2312 871 2382 καθαρσία
910 2317 942 2370 b
1096 2321 1127 2368 2
1166 2313 1302 2384 μετὰ
1337 2322 1514 2368 ταῦτα
1547 2311 1767 2382 Ἀλήτου
1805 2318 1867 2384 (s.
1901 2311 2136 2385 Ἀλητοῦ)
2175 2314 2397 2371 cEGu:

368 2384 505 2455 μετὰ
531 2394 709 2440 ταῦτα
740 2389 777 2442 D
816 2405 953 2456 μετα
977 2383 1197 2454 Ἀλήτου
1226 2385 1692 2476 ἐπικρατήσαντες
1709 2391 1946 2454 Δωριεῖς
1975 2389 2024 2440 b.
2088 2385 2224 2440 Post
2244 2383 2398 2454 Ἀλή-

368 2477 468 2513 του
506 2457 777 2512 nonnulla.
814 2407 1087 2511 excidisse
1122 2456 1230 2510 vid.
1270 2459 1288 2526 ΙΙ
1326 2455 1592 2512 ἐκάλεσαν
1632 2459 1662 2512 b
1835 2456 2020 2510 3sch.
2053 2462 2164 2511 560
2197 2454 2397 2512 Ἑλλαν-

367 2549 461 2582 τια
498 2545 705 2620 praem.
748 2529 802 2594 G,
834 2525 974 2582 Ἐ.λλ
1006 2525 1056 2584 δ’
1081 2527 1308 2590 ἑπτάκις
1339 2531 1391 2595 Ε,
1429 2527 1606 2590 ἄλλως
1643 2530 1700 2594 D,
1738 2526 1913 2590 ἄλλως
1943 2525 2084 2582 ’.Ελλ
2115 2525 2173 2582 δ’
2197 2527 2313 2583 ἑπτ.
2337 2527 2400 2594 ss,

368 2597 584 2669 γίνεται
621 2596 725 2653 ουν
765 2601 848 2654 Βν
1044 2605 1079 2652 4
1115 2597 1585 2668 λαμπαδοδρόμος
1623 2569 1711 2654 01⁹)
1768 2599 2292 2688 λαμποδοδρομικὸς
2331 2601 2398 2654 Ε1

2431 1132 2482 1171 10

2433 1576 2484 1617 15

2431 2021 2484 2060 20

512 2676 544 2723 6
584 2673 843 2738 Βελεροφ.
887 2669 977 2725 Bc
1034 2673 1331 2759 Βελλοροφ.
1375 2674 1411 2725 D
1583 2675 1616 2723 8
1653 2667 1844 2740 nocui}
1887 2672 1923 2725 Ε
2085 2675 2204 2723 8-
2223 2675 2345 2737 369,
2362 2677 2397 2724 4
2443 2669 2448 2672 ’

372 2740 1417 2810 οἙ1.Τ110111,Ῑ13,96,5ηδιὰ
1451 2749 1616 2796 τοῦτο
1649 2741 1816 2797 Bon:
1810 2691 2032 2804 ηᾶλλως
2069 2743 2106 2797 D
2163 2742 2260 2796 καὶ
2296 2741 2400 2796 διὰ

370 2819 532 2868 τοῦτο
566 2815 601 2869 Ε
628 2815 647 2882 ΙΙ
674 2760 911 2881 Δωριεῖς
948 2812 1165 2868 GDED:
1175 2746 1400 2882 8ἐπειδὴ
1427 2799 1522 2866 Am
1527 2821 1664 2880 ριεῖς
1702 2814 1783 2867 Βν
1903 2817 1934 2864 9
1973 2812 2036 2866 ft.
2069 2812 2252 2886 (καὶ)
2281 2810 2398 2867 K6-

372 2887 578 2952 ρινθον
723 2889 791 2937 10
836 2884 1135 2953 ταύτην-
1154 2882 1494 2954 συνέφλεγον
1540 2900 1646 2938 om.
1690 2885 1744 2938 D.
1811 2883 2089 2938 Videntur
2123 2883 2400 2937 nonnulla

371 2954 645 3009 excidisse
774 2961 836 3009 11
875 2955 1106 3017 τινὲς-
1126 2961 1191 3009 14
1212 2955 1470 3026 Δωριεῖς]
1506 2955 1606 3010 τὸν
1641 2954 1785 3010 νεὼν
1819 2961 1920 3023 τῆς
1951 2950 2193 3043 Ἀθηνᾶς
2227 2972 2401 3024 προσ-

371 3028 521 3097 δραμ
522 3035 686 3082 οῦσαι
724 3028 763 3082 D
948 3032 1011 3080 11
1044 3028 1128 3081 Εὐ
1132 3027 1374 3118 ρυτιώνῃ
1425 3029 1461 3081 C
1520 3026 1833 3098 Εὐριτιώνῃ
1883 3026 1923 3081 ss
1974 3026 2059 3079 Εὐ
2063 3022 2258 3098 ρυτίνη
2308 3028 2399 3081 ΒΕ

516 3104 580 3151 12
614 3094 899 3152 Ἐλλώτιδι
938 3100 977 3153 Β
1028 3095 1305 3153 Ἐλλατίδι
1345 3101 1381 3152 G
1422 3094 1690 3150 Ἐλλωτία
1729 3046 1833 3153 Ean
1927 3103 1994 3151 14
2029 3097 2092 3151 τὸ
2129 3105 2242 3166 πῦρ
2273 3097 2360 3153 ub
2381 3097 2402 3170 ll

370 3168 468 3222 καὶ
504 3168 566 3222 αἱ
602 3170 703 3237 μὲν
742 3167 904 3222 ἄλλαι
943 3171 980 3224 D
1142 3175 1208 3222 15
1247 3169 1576 3258 Εὐρυτιώνη
1615 3151 1816 3238 D(D)v:
1856 3165 2149 3236 Εὐρυτίων
2189 3168 2226 3224 G
2287 3169 2401 3294 Εὐε-

373 3239 535 3305 ρωτὶς
573 3189 639 3294 Βμ
660 3239 902 3308 Εὐρυτὶς
932 3241 968 3294 Ε
1017 3242 1036 3309 ΙΙ
1084 3237 1900 3309 Ελλωτὶς(0>1)τἘλλωτιώνη
1943 3241 1982 3294 Β
2019 3235 2322 3310 Ἐλλωτίνη

364 3306 626 3364 Ελωτία
639 3310 679 3366 ss
824 3314 891 3362 16
929 3310 1066 3379 μετὰ
1102 3309 1337 3365 παιδίου
1375 3327 1479 3364 0111.
1515 3311 1552 3364 D
1581 3311 1600 3379 ΙΙ
1627 3260 2191 3399 συγκατεφλέχθησαν
2231 3312 2270 3365 Β
2284 3325 2318 3364 v

376 3385 439 3432 17
479 3379 801 3434 παυσεσθαι
830 3383 912 3435 BV
950 3381 1303 3450 (παύσασθαι
1341 3383 1400 3434 et
1427 3380 1688 3450 Thomas)
1799 3386 1865 3435 18
1898 3378 2226 3442 Ἐλλωτίδος
2255 3381 2399 3436 ΒΟΕ

515 3456 583 3503 20
621 3449 657 3518 ἤ
659 3384 969 3576 νέἤντινα(
975 3454 1063 3509 GD
1092 3455 1113 3523 ΙΙ
1141 3451 1390 3524 ἑπτάκις]
1430 3451 1656 3513 ἑπτάκις
1693 3452 1865 3508 αὐτὸν
1899 3452 1987 3508 Eu
2097 3457 2162 3504 21
2201 3449 2398 3506 Ἑλλώ-

372 3538 465 3571 τια
503 3523 605 3574 0110.
645 3539 682 3572 u
724 3525 929 3588 1queE
