2646 3882
937 227 1154 298 Olymp.
1184 228 1314 284 VIII
1348 230 1631 283 mett—1
2162 229 2291 294 237

272 394 516 458 ἰωνικὸν
551 388 658 456 ἀπ’
694 394 1030 474 ἐλάσσονος,
1075 391 1224 476 <έκ>
1254 404 1565 477 τροχαϊκῆς
1611 396 1889 477 συζυγίας
1924 397 2159 478 πρώτης
2195 396 2297 458 καὶ

271 486 469 567 τρίτου
505 485 768 558 παίωνος
806 483 955 546 κατὰ
990 483 1055 546 τὸ
1093 483 1237 558 ἔθος
1273 491 1392 546 τῶν
1422 486 1699 563 ίωνικῶν,
1735 486 2038 567 τρίμετρον
2076 488 2295 567 βραχυ-

270 573 653 653 κατάληκτον.
746 572 750 577 ’
790 573 851 635 τὸ
898 568 978 635 ια’
1025 573 1301 654 ἰαμβικὸν
1347 573 1619 654 δίμετρον
1664 571 2079 652 ἀκατάληκτον.

407 663 588 723 Inscr.
627 684 680 724 a.
747 660 1075 745 Γέγραπται
1122 659 1154 722 ὁ
1191 661 1479 736 ἕπινίκιος
1514 660 1974 744 προηγουμένως
2020 667 2101 747 τῷ
2140 656 2266 724 Ἀλ-
2296 682 2328 726 Β
2342 680 2505 738 ento

225 773 249 813 5
277 749 579 832 κιμέδοντι
620 750 793 813 παιδὶ
836 756 1125 837 παλαιστῇ
1160 751 1473 830 νικήσαντι
1506 750 1616 830 τὴν
1651 749 2055 833 ὀγδοηκοστὴν
2088 744 2295 832 Ὀλυμ-

270 841 480 901 πιάδα·
547 838 832 920 μέμνηται
895 838 959 902 δὲ
1015 837 1048 901 ὁ
1105 841 1408 921 Πίνδαρος
1470 839 1570 901 καὶ
1630 850 1737 902 τοῦ
1790 838 2054 920 ἀδελφοῦ
2108 839 2295 927 αὐτοῦ

277 926 686 1009 Τιμοσθένους
751 928 953 1009 Νέμεα
1014 928 1368 1008 νικήσαντος
1438 928 1540 990 καὶ
1600 939 1707 991 τοῦ
1771 928 2045 991 ἀλείπτου
2109 929 2294 991 αὐτοῦ

271 1019 605 1097 Μελησίου,
653 1018 734 1091 ὥς
778 1041 934 1091 τινες
977 1028 1465 1100 παγκρατιαστοῦ.
1554 1023 1678 1091 τοῖς
1721 1017 1833 1100 γὰρ
1878 1018 2059 1099 τρισί,
2105 1035 2293 1097 φησιν

277 1103 310 1167 ὁ
338 1108 629 1187 Δίδυμος,
675 1108 818 1188 μίαν
867 1101 1030 1193 ᾠδὴν
1065 1105 1341 1188 γέγραφε.
1472 1108 1528 1167 b.
1575 1108 1814 1186 ζητοῦσι
1850 1104 1915 1167 δέ
1949 1130 2103 1180 τινες
2142 1107 2300 1168 διατί

194 1217 248 1258 ιο
276 1194 342 1257 ἕν
395 1202 477 1281 τῷ
530 1194 621 1258 ἑνὶ
672 1198 862 1283 τούτῳ
917 1195 1186 1282 ἕπινικίῳ
1241 1196 1383 1268 τοὺς
1434 1201 1587 1277 τρεῖς
1641 1193 2019 1275 ἔνεκωμίασες
2084 1195 2185 1258 καὶ
2238 1197 2304 1259 οἱ

272 1282 381 1364 μέν
436 1302 610 1364 φασι,
677 1284 775 1346 διὰ
838 1284 902 1347 τὸ
969 1284 1051 1365 μὴ
1113 1278 1260 1346 καθ’
1302 1282 1547 1347 ἕκαστον
1610 1282 1956 1365 ἀξιολόγους
2019 1283 2296 1366 ἀφορμὰς

270 1371 607 1455 εὑρηκέναι·
672 1375 737 1436 οἰ
787 1371 882 1453 δὲ,
937 1373 1027 1435 ὅτι
1079 1372 1145 1435 ἐκ
1198 1382 1304 1453 τῆς
1359 1373 1579 1446 πόλεως
1633 1365 1786 1454 ἦσαν
1840 1382 1947 1452 τῆς
2000 1374 2184 1453 αὐτῆς
2238 1375 2304 1435 οἱ

270 1484 439 1544 τρεις.

408 1555 441 1611 1
465 1572 518 1613 a.
585 1548 650 1612 Ὁ
695 1551 1003 1631 Πίνδαρος
1055 1551 1203 1633 πρὸς
1258 1550 1449 1631 αὐτὴν
1502 1550 1613 1629 τὴν
1663 1546 1991 1631 Ὀλυμπίαν
2044 1556 2294 1613 ποιεῖται
2319 1569 2351 1613 Α

190 1660 244 1701 15
271 1639 374 1702 τὸν
420 1640 625 1721 λόγον,
680 1640 715 1701 ὅ
767 1640 888 1702 ἐστι
940 1639 1089 1721 πρὸς
1143 1639 1253 1720 τὴν
1306 1642 1507 1702 Πίσαν
1561 1639 1664 1701 τὸν
1717 1640 1902 1702 τόπον
1948 1638 2289 1721 διαλέγεται·

269 1727 372 1789 καὶ
424 1727 643 1811 μητέρα
687 1728 876 1809 αὐτὴν
929 1734 1100 1791 καλεῖ
1141 1738 1245 1809 τῆς
1291 1728 1605 1808 ἀληθείας,
1659 1727 1861 1808 ἐπειδὴ
1907 1727 2049 1809 μετὰ
2094 1730 2288 1808 πάσης

272 1816 557 1897 ἀληθείας
603 1815 907 1898 ἐκρίνοντο
955 1820 1018 1880 οἷ
1057 1816 1491 1899 ἀγωνιζόμενοι.

409 1908 520 1969 lb.
587 1908 832 1989 Μᾶτερ
869 1900 916 1968 ὦ
952 1907 1571 1989 χρυσοστεφάνωνε
1618 1905 1837 1990 μητέρα
1878 1916 1996 1970 τῶν
2037 1905 2191 1988 ἀγώ-
2226 1925 2485 1983 mento

271 2019 396 2057 νων
442 1996 551 2074 τὴν
584 1989 929 2076 Ὀλυμπίαν,
978 1991 1107 2058 οἷον
1153 1995 1534 2077 μητρόπολιν,
1580 1996 1677 2058 διὰ
1722 1996 1786 2058 τὸ
1825 1994 2291 2076 ἐπιφανέστατον

189 2105 246 2146 20
273 2078 426 2146 εἶναι
471 2083 576 2145 τὸν
605 2078 1013 2164 ,Ὀλυμπιακὸν
1060 2082 1277 2165 ἀγῶνα.

410 2177 516 2234 lo.
598 2173 1223 2253 χρυσοστεφάνωνε
1286 2171 1418 2234 ἀντὶ
1478 2183 1584 2236 τοῦ
1642 2175 2137 2253 καλλιστεφάνων.
2226 2191 2481 2248 neoto

251 2257 516 2343 ’Ὄμηρος
565 2255 634 2344 (Ι
666 2255 848 2345 389)·

593 2344 730 2412 οὐδ’
773 2351 827 2412 εί
867 2351 1106 2436 χρυσείη
1147 2345 1467 2435 Ἀφροδίτη
1512 2351 1721 2424 κᾶλλος
1766 2349 1958 2433 ἐρίζοι.

363 2457 417 2517 d.
474 2453 513 2535 ἢ
559 2456 649 2517 ὅτι
702 2455 945 2536 ἀληθῶς
999 2454 1037 2536 ἡ
1086 2455 1368 2537 διδομένη
1421 2463 1543 2530 τοῖς
1600 2467 1844 2519 νικῶσιν
1889 2458 2053 2521 ἐλαία
2097 2463 2294 2520 καλλι-

415 2651 484 2700 24
519 2645 752 2700 Aristot.
791 2645 989 2701 mirab.
1021 2651 1104 2700 51.
1154 2624 1567 2700 soh.A1.P1ut.'
1599 2651 1718 2701 586.
1766 2647 1929 2701 Pam.
1961 2653 2011 2715 5,
2041 2652 2126 2715 15,
2156 2653 2187 2701 3

418 2831 448 2879 1
488 2824 549 2880 ἐκ
587 2825 716 2878 add.
759 2826 789 2879 b
903 2830 949 2880 1.
973 2831 1004 2878 2
1042 2825 1138 2879 καὶ
1172 2821 1363 2892 τρίτου
1397 2821 1650 2888 παίωνος
1684 2824 1793 2878 del.
1832 2823 1985 2878 Beck
2092 2830 2124 2880 2
2160 2821 2294 2880 παί-

275 2914 406 2960 ονος
435 2897 471 2950 Ε
496 2897 518 2966 11
545 2895 682 2960 ἔθος
712 2897 826 2951 ῠΕε
866 2895 1111 2965 σύνηθες
1139 2896 1219 2952 (lv
1247 2897 1265 2965 ΙΙ
1292 2896 1390 2950 καὶ
1428 2897 1559 2949 anbe
1586 2893 1728 2965 τρίμ.
1769 2896 1897 2950 add.
1931 2895 2061 2951 Essv
2098 2896 2228 2966 (del.
2262 2898 2292 2951 b

272 2969 578 3036 praeeunte
605 2965 854 3036 Pauwio)
883 2970 902 3036 ΙΙ
928 2966 1227 3035 τριμέτρων
1256 2965 1793 3038 βραχυκαταλήκτων
1815 2968 1851 3021 Ε
1950 2973 1983 3021 4
2017 2965 2055 3020 1.
2077 2967 2295 3022 nullum

275 3041 340 3095 D:
377 3047 548 3108 μᾶτερ
587 3032 630 3092 ὦ
667 3037 1135 3109 χρυσοστεφάνων
1167 3037 1359 3094 ΒῦΕὓ
1505 3044 1534 3091 7
1573 3042 1636 3092 N
1635 3037 1766 3112 εμέᾳ
1802 3037 2094 3106 νικήσαντι
2133 3040 2223 3094 ΒΕ

273 3115 306 3164 8
341 3107 624 3179 Μιλησίου
657 3110 888 3166 ΒῦΕωπ
913 3113 932 3179 ΙΙ
966 3109 1134 3200 τινες]
1163 3129 1309 3173 τινες
1344 3109 1444 3164 καὶ
1470 3108 1552 3165 ssv
1716 3114 1746 3163 9
1784 3106 1997 3178 ἀπορία
2025 3109 2153 3162 add.
2187 3112 2296 3165 ΒΜ

418 3186 484 3235 10
523 3179 754 3254 έπινίκφ
786 3180 870 3250 011
899 3181 1230 3249 ἐνεκωμιασε
1268 3181 1333 3236 0:
1372 3178 1739 3251 ἐνεγκωμίασε
1885 3187 1951 3236 15
1989 3178 2210 3236 Πίσσαν

276 3257 344 3306 16
381 3251 674 3320 „Debebat
711 3268 832 3307 esse
868 3251 1075 3321 μητέρα
1112 3251 1307 3306 ἄθλων
1345 3252 1444 3305 καὶ
1478 3250 1783 3308 δέσποιναν
1820 3249 2092 3322 ἀληθείας
2119 3251 2295 3322 αὐτὴν

275 3325 466 3377 ’‘celet“
506 3325 536 3378 b
684 3328 751 3377 18
788 3323 824 3376 1.
865 3339 971 3376 om.
1003 3325 1042 3377 V
1069 3324 1087 3392 ΙΙ
1113 3321 1647 3394 χρυσεοστε(φάνων)
1678 3325 1720 3378 Α
1746 3326 1765 3393 ΙΙ
1792 3322 1998 3393 μητέρα
2037 3325 2109 3378 A:
2146 3344 2199 3393 μ.
2230 3323 2293 3378 δὲ

275 3395 315 3448 V
341 3395 361 3462 ΙΙ
388 3393 619 3463 ἀγώνων
657 3395 724 3448 A:
764 3394 958 3449 ἄθλων
995 3389 1116 3449 εἶπε
1155 3397 1191 3448 V
1339 3399 1404 3449 19
1443 3390 1567 3450 οῖον
1604 3396 1673 3450 A:
1716 3395 1920 3450 ὡσανεὶ
1955 3397 1994 3449 V
2034 3397 2053 3464 ΙΙ
2093 3393 2293 3463 μητρό-

272 3466 439 3519 πολιν
467 3466 534 3520 A:
564 3485 617 3534 μ.
649 3462 825 3522 οὖσαν
852 3468 891 3520 V
918 3468 936 3535 11
967 3463 1404 3534 ἐπιφανεστέρον
1432 3468 1472 3521 V
1580 3471 1646 3519 21
1721 3463 2221 3534 ρυσεοστε<φάνων)
2250 3464 2291 3518 Α

273 3551 524 3606 χρυσοστ.
547 3537 610 3590 δὲ
639 3537 727 3592 00
745 3536 873 3594 Essv
947 3543 1013 3590 23
1045 3534 1207 3605 ἐρίζει
1232 3539 1319 3592 DE
1394 3543 1462 3591 24
1490 3534 1525 3606 ἢ
1556 3533 1639 3591 ὅτι
1666 3488 1918 3606 ακληθοῢς
1936 3539 2056 3605 (-ῶς
2074 3533 2289 3602 scripsi)

273 3611 343 3662 A:
382 3607 479 3661 καὶ
515 3607 622 3677 γὰρ
660 3607 730 3677 δὴ
771 3607 943 3672 ὄντως
973 3607 1165 3664 ΒῦΕὓ
1221 3608 1340 3663 ἐπεὶ
1377 3609 1472 3662 καὶ
1503 3611 1539 3664 D
1568 3610 1587 3676 11
1615 3605 1773 3662 ἐλαία
1808 3614 1926 3669 τοῖς
1960 3612 2155 3660 νικῶσι
2182 3605 2222 3658 V
