2646 3882
349 208 480 273 194
1241 210 1483 265 Scholia..

345 375 617 457 χρήσιμοι
667 375 814 437 κατὰ
867 378 1158 457 χειμερίαν
1213 378 1401 439 νύκτα
1455 378 1567 439 δύο
1621 375 1874 458 ἄγκυραι
1920 374 2257 459 ἠρεισμέναι
2304 376 2368 438 ἐκ

345 474 482 545 μιᾶς
535 464 699 538 νεώς.
759 475 962 528 -τοῢτο
1016 464 1082 527 δέ
1135 483 1286 545 φησι
1341 464 1440 527 διὰ
1494 465 1560 527 τὸ
1612 465 1714 527 καὶ
1767 465 1871 527 τὸν
1921 460 2198 546 Ἀγησίαν
2255 467 2367 529 δύο

344 552 714 634 περιέχεσθαι
757 555 1022 637 πατρίσι,
1075 565 1146 639 τῇ
1191 578 1250 616 τε
1292 548 1571 639 Ἀρκαδίᾳ
1615 554 1715 615 καὶ
1760 560 1887 628 ταῖς
1930 556 2364 636 Συρακούσαις.

432 643 487 703 b.
541 640 754 715 ἄλλως·
807 641 876 705 έν
929 642 1100 705 νυκτὶ
1165 638 1224 704 δ’
1263 641 1473 723 ἄνεμοι
1525 643 1788 724 χαλεποίε
1808 676 1885 687 --
1936 644 2118 723 δῆλον
2172 653 2366 723 νηῶνε

342 730 492 811 πρὸς
536 729 644 803 οὓς
686 730 966 813 χρηστέον
1014 734 1124 794 δύο
1170 730 1457 814 ἀγκύραις
1504 777 1695 793 .....
1832 753 1880 793 ο.
1928 778 1941 791 .
1973 780 1987 793 .
2018 779 2031 792 .
2060 728 2214 812 (δύο
2260 730 2365 812 ἄγ-
2420 755 2449 795 ⁶

341 816 564 900 κυραι)
606 820 909 901 χρήσιμοε,
954 821 1108 883 οὕτω
1154 820 1251 883 καὶ
1307 820 1457 902 πρὸς
1500 820 1605 894 τὰς
1651 820 1964 903 γινομένας
2007 820 2257 902 ταραχὰς
2304 822 2374 882 αἱ

343 908 454 971 δύο
497 909 712 981 πόλεις.

130 1016 339 1073 Bouto
479 999 676 1060 170d.
743 996 1014 1078 ἀγαθαὶ
1060 996 1133 1059 δὲ
1168 997 1529 1061 πέλονταιε
1574 997 1818 1073 ἀστείως
1854 996 2223 1080 ἀπολογεῖται
2258 1009 2365 1060 τοῦ
2433 1064 2440 1070 ,

342 1080 497 1148 εἶναι
540 1085 644 1147 τὸν
689 1086 1022 1168 νικηφόρον
1068 1087 1180 1149 δύο
1224 1087 1555 1169 πατρίδων,
1600 1089 1705 1148 καί
1746 1104 1959 1167 φησιν·
2006 1087 2199 1169 ὥσπερ
2246 1086 2365 1149 ἐστὶ

341 1172 629 1249 λυσιτελὲς
671 1174 774 1236 καὶ
816 1174 1125 1258 συμφέρον
1170 1174 1234 1237 ἐν
1269 1186 1512 1258 χειμῶνι
1546 1175 1649 1238 καὶ
1683 1176 1853 1237 νυκτὶ
1892 1172 2029 1258 [τὴν
2064 1171 2210 1257 νῆα]
2252 1177 2362 1238 δύο
2393 1200 2449 1241 ιο

343 1261 628 1346 ἀγκύραις
679 1263 1112 1345 έπερείδεσθαι,
1172 1265 1362 1338 οὕτως
1414 1263 1713 1346 ἐπικερδὲς
1767 1264 1869 1326 καὶ
1922 1266 2034 1327 δύο
2078 1265 2364 1346 πατρίδας

341 1352 490 1433 ἔχειν
539 1349 670 1433 [τὸν
715 1350 1100 1434 νικηφόρον].
1234 1374 1282 1415 e.
1330 1351 1369 1433 ἡ
1417 1352 1481 1415 δὲ
1536 1354 1789 1434 ἔμφασις
1844 1354 1933 1415 ὅτι
1984 1352 2363 1426 ἐκπίπτοντες

339 1451 446 1521 τῆς
489 1439 686 1522 ἑτέρας
729 1441 951 1515 πόλεως
996 1440 1092 1504 ἐπὶ
1137 1441 1246 1520 τὴν
1281 1442 1484 1524 ἑτέραν
1521 1443 1810 1505 δύνανται
1846 1443 2137 1515 σώζεσθαι
2171 1464 2361 1523 παρα-

337 1553 660 1611 γινομενοι.
1621 1609 1626 1614 ι

176 1637 342 1693 ento
483 1622 626 1680 174.
709 1613 913 1681 τῶνδ’
971 1617 1266 1681 ἐκείνων
1338 1642 1438 1681 τετ
1512 1618 1545 1681 ὅ
1610 1628 1780 1693 νοῦς·
1858 1619 2001 1693 θεὸς
2070 1611 2183 1681 οὖν
2242 1629 2362 1680 τῶν
2393 1644 2447 1685 15

333 1701 634 1788 Ἀρκάδων
693 1706 804 1786 τὴν
863 1714 1077 1790 μοῖραν
1134 1708 1235 1771 καὶ
1303 1718 1423 1771 τῶν
1482 1709 1917 1790 Συρακουσίων
1979 1706 2219 1790 παρέχοι
2280 1710 2361 1791 τῷ

332 1790 574 1877 Ἀγησίᾳ
619 1797 947 1874 καλλίστην.
1706 1850 1709 1855 .

188 1904 310 1961 neo
476 1888 619 1947 175.
684 1884 950 1964 φιλέων
995 1883 1090 1966 δὲ,
1135 1885 1279 1960 θεὸς
1326 1886 1429 1949 τὸν
1470 1882 1765 1970 Ἀγησίαν.

168 1993 336 2050 aneo
475 1979 619 2038 176.
685 1974 989 2037 δέσποτα
1033 1977 1505 2057 ποντόμεδονε
1565 1978 1641 2039 σὺ
1686 1974 1780 2056 δὲ,
1834 1968 1881 2037 ὦ
1936 1971 2187 2036 δέσποτα
2232 1973 2359 2035 Πό-

334 2064 562 2142 σειδον,
616 2061 758 2146 ἄνερ
813 2074 917 2145 τῆς
967 2059 1375 2147 Ἀμφιτρίτης,
1433 2067 1641 2148 πάρεχε
1696 2065 1857 2151 αὐτῷ
1912 2062 2105 2125 εὐθὺν
2165 2068 2357 2124 πλοῦν
2390 2089 2444 2128 20

332 2151 433 2214 καὶ
485 2151 765 2232 ἄκμητον.
856 2153 923 2214 έν
977 2153 1244 2239 εὐθυμία
1295 2153 1400 2216 καὶ
1452 2155 1803 2239 εὐδαιμονίᾳ
1867 2151 2010 2216 ὄντα
2069 2152 2361 2233 παράσχες

333 2241 735 2320 διανήξασθαι
787 2241 892 2304 τὸν
946 2244 1111 2323 βίον·
1164 2243 1264 2304 καὶ
1317 2243 1423 2305 τὸν
1475 2242 1621 2323 ἐμὸν
1678 2241 1742 2305 δὲ
1796 2243 1994 2323 ὕμνον
2038 2242 2122 2315 εἰς
2166 2239 2361 2314 ἄνθος

333 2330 433 2392 καὶ
477 2330 581 2392 τὸν
625 2329 856 2412 καρπὸν
900 2332 985 2404 εἰς
1030 2331 1212 2405 δόξαν
1257 2331 1474 2415 ἔπαιρε.

478 2526 505 2574 1
545 2519 766 2591 κατέχει
796 2516 1020 2588 μερίανε
1045 2522 1076 2575 b
1169 2524 1200 2573 3
1230 2522 1404 2588 Συρρ.
1502 2525 1641 2574 4-6
1663 2519 1967 2589 desperavi.
2008 2520 2177 2586 δῆλον
2206 2526 2358 2584 νηῶν

334 2589 441 2644 del.
475 2592 533 2657 ὓς
572 2589 831 2660 δηλονότι
855 2598 1154 2660 χειμῶνεςῗ
1182 2591 1503 2645 Schroeder'
1606 2597 1639 2645 5
1674 2591 1779 2645 lae.
1810 2589 2073 2656 indicavi,
2102 2587 2357 2657 supplevi

441 2665 472 2715 6
511 2659 821 2734 χρησίμοιςε
861 2677 966 2732 ego
1077 2667 1109 2716 8
1145 2661 1370 2716 πέλοντι
1410 2662 1545 2718 Dssv
1652 2667 1701 2716 8.
1724 2667 1755 2714 9
1793 2669 1892 2715 τοῦ
1932 2657 2077 2716 εἶναι
2114 2674 2243 2728 ego:
2281 2661 2356 2728 τῷ

333 2727 483 2786 εἶναι
521 2738 558 2788 G
612 2731 861 2788 τουτέστι
900 2732 1095 2789 But-:u
1240 2738 1271 2785 9
1308 2732 1431 2856 rev}
1468 2732 1571 2801 τὴν
1612 2735 1647 2788 Ε
1674 2735 1693 2802 ΙΙ
1719 2729 2007 2799 πατρίδων
2040 2729 2257 2786 GDEss:
2295 2746 2355 2781 π.

333 2798 482 2858 εἶναι
521 2807 618 2859 Βν.
666 2801 912 2860 τουτέστι
931 2835 1002 2843 ——
1022 2799 1167 2858 εἶναι
1202 2820 1303 2872 pro
1342 2803 1404 2856 in
1432 2805 1843 2874 erpretamento
1878 2802 2035 2856 verbi
2064 2803 2355 2869 ἀπολογεῖ-

331 2893 424 2926 ται
451 2875 580 2929 hab.
610 2875 762 2929 Beck
892 2879 957 2928 10
993 2874 1096 2943 τὴν
1132 2882 1242 2944 νῆα
1271 2891 1377 2928 om.
1412 2875 1629 2942 cutm
1668 2874 1870 2928 seclusi
2006 2879 2071 2927 12
2108 2870 2207 2925 τὸν
2246 2889 2355 2924 νικ.

332 2961 438 2998 om.
472 2945 690 3013 cutm
729 2945 932 3000 seclusi
958 2948 978 3014 11
1007 2943 1089 2999 ὅτι
1119 2961 1225 2999 om.
1258 2945 1297 3002 0
1409 2951 1492 2999 13.
1518 2952 1584 2999 14
1610 2944 2055 3015 παραγενόμενοι
2087 2941 2274 2998 GDssb

334 3022 400 3072 15
429 3016 491 3088 l.]
519 3036 579 3071 τε
607 3032 714 3071 om.
739 3018 845 3084 En,
880 3016 1088 3071 κλυτὰν
1117 3012 1286 3072 αἶσαν
1308 3016 1437 3070 add.
1462 3019 1499 3073 Ε
1525 3019 1545 3086 ΙΙ
1574 3017 1602 3072 ὁ
1633 3018 1694 3072 δὲ
1723 3025 1857 3079 νοῦς
1876 3019 1913 3071 Ε
1940 3018 1958 3085 ΙΙ
1983 3014 2143 3085 θεὸς]
2172 3011 2300 3074 θεὶς
2321 3013 2357 3066 Ε

441 3093 508 3141 16
545 3088 680 3158 τῶν]
717 3087 820 3157 τὴν
847 3087 1016 3154 Beck,
1049 3090 1078 3142 h
1134 3087 1238 3156 τὴν
1272 3096 1385 3142 τῶν
1418 3090 1453 3144 Ι)
1480 3091 1501 3158 11
1526 3088 1757 3159 παρέχει
1795 3090 1868 3144 E?
1888 3087 1945 3144 (1¹
2089 3090 2155 3138 19
2193 3082 2229 3137 1.
2261 3101 2358 3150 φι-

330 3157 470 3213 λέων
505 3173 715 3227 praem.
749 3161 787 3213 Β
900 3164 982 3213 19.
1007 3164 1074 3213 20
1103 3158 1411 3231 Πόσειδον]
1446 3159 1796 3230 ποντόμεδον
1835 3161 1876 3216 ss
1975 3163 2042 3212 20
2077 3149 2357 3226 Ἀμφιτρί-

329 3249 436 3310 τας
470 3230 550 3310 Ε.ΙΙ
579 3229 731 3302 αὐτῷ
763 3230 929 3286 DEG:
966 3235 1043 3301 τῷ
1071 3227 1290 3304 Ἀγησίᾳ
1328 3233 1413 3286 Βν
1440 3233 1459 3300 ΙΙ
1486 3232 1690 3302 εὐθὺν]
1730 3230 1979 3286 εὔθυνον
2018 3231 2054 3284 Ε
2198 3231 2264 3278 21
2296 3224 2358 3279 ἐν

332 3315 554 3441 {col-{1553
576 3297 653 3424 ἔδοτ’
661 3297 1058 3442 ΙΙῠὸΞὲαξέῐηῗνΒ
1072 3304 1280 3427 τᾶνξοζν
1288 3302 1350 3429 gg
1378 3305 1709 3446 Ιῖξτᾶρὲἷῖῖες
1738 3377 1769 3429 b
1784 3296 2358 3445 εξξοῗρῖἔῖἕέῧὺὲξξ

329 3438 537 3508 πάρεχε
569 3442 604 3495 Ε
696 3447 780 3495 22.
802 3447 869 3495 23
909 3446 1169 3512 corrupta
1261 3449 1329 3498 22
1366 3446 1465 3499 καὶ
1489 3454 1603 3500 τῶν
1633 3446 1778 3516 ἐμῶν
1806 3443 1995 3516 ὕμνων
2022 3445 2085 3499 τὸ
2116 3443 2299 3501 ἄνθος
2318 3439 2355 3494 υ

331 3509 640 3564 Mommsen
694 3513 792 3566 καὶ
827 3512 927 3568 τὸν
964 3514 1097 3583 ἐμὸν
1133 3513 1313 3584 ὕμνον
1352 3516 1409 3578 ἐς
1444 3516 1629 3580 ἄνθος
1658 3518 1723 3586 ὓς
1761 3517 1826 3572 ft.
1856 3519 1955 3572 καὶ
1980 3526 2092 3572 τῶν
2122 3517 2265 3585 ἐμῶν
2295 3511 2358 3566 δὲ

330 3579 522 3650 ὕμνων
559 3581 742 3644 ἄνθος
779 3582 898 3652 (cfr.
929 3601 982 3652 p.
1015 3591 1135 3653 223,
1160 3588 1246 3656 15)
1377 3593 1444 3642 23
1482 3589 1727 3662 καρπὸν]
1765 3612 1814 3644 κ.
1847 3590 1910 3648 δὲ
1948 3593 1986 3646 D
2015 3593 2035 3661 ΙΙ
2064 3590 2233 3655 ἔπαρε
2273 3592 2308 3646 Ε
