2646 3882
1002 245 1355 316 Olymp.V11
1393 251 1619 300 17—24
2187 244 2317 309 203

434 416 535 473 22.
601 411 876 475 ἔντεσιν
923 412 1183 474 αὐλῶνε
1227 421 1697 494 περιφραστικῶς
1740 418 1864 485 τοῖς
1908 412 2139 493 αὐλοῖς,
2185 410 2292 486 οὓς
2320 430 2529 487 Bouto

295 501 463 563 ἔντεα
505 495 629 563 εἶπε
673 502 832 583 παρὰ
876 502 941 564 τὸ
987 501 1150 575 ἐντὸς
1195 500 1347 581 ἔχειν
1390 501 1501 581 τὴν
1546 500 1778 580 φωνήν.

317 604 324 613 ·
435 593 592 651 233..
665 590 786 652 καὶ
847 600 981 652 νῦν
1043 584 1156 652 ὑπ’
1207 588 1651 674 ἄμφοτέρωνε
1720 588 1863 670 μετὰ
1925 589 2123 651 αὐλῶν
2184 588 2284 649 καὶ
2322 608 2530 665 acuto

293 680 492 761 λύρας.
635 680 691 742 b.
737 677 777 759 ἡ
816 676 879 740 δὲ
916 679 1034 741 ὑπό
1073 677 1206 741 ἀντὶ
1241 688 1347 759 τῆς
1384 680 1546 759 μετά·
1594 678 1695 741 καὶ
1720 674 1985 760 Ὅμηρος
2023 670 2111 760 (Σ
2134 671 2318 761 492)·

215 790 269 831 .5
299 769 526 829 δαΐδων
573 767 689 828 ὑπὸ
736 769 1184 848 λαμπομενάων.
1318 788 1366 829 ο.
1413 773 1715 847 κατῆλθον
1761 759 1873 829 οὖν
1918 764 2036 828 ἀπὸ
2086 766 2293 848 Θήβης
2322 784 2487 842 neno

297 858 384 930 εἰς
429 856 540 936 τὴν
577 853 801 938 Ῥόδον,
847 858 929 930 είς
974 856 1084 935 τὴν
1127 866 1234 919 τοῦ
1277 856 1613 939 νικηφόρου
1656 856 1923 937 πατρίδα.

435 949 519 1005 24
542 966 593 1007 a.
659 944 786 1007 τὰν
839 948 1168 1007 ποντίανε
1229 944 1329 1007 διὰ
1382 946 1445 1007 τὸ
1500 939 1653 1007 εἶναι
1705 943 1894 1023 αὐτὴν
1949 953 2164 1024 νῆσον,
2220 942 2379 1008 διὰΑ

297 1044 470 1096 τοῦτο
517 1035 766 1096 ποντίαν
811 1029 951 1096 εἶπε.
1086 1036 1143 1098 b.
1189 1032 1497 1114 κατέβαν
1544 1031 1636 1113 δὲ,
1682 1038 1985 1114 κατῆλθον
2030 1031 2147 1094 ἀπὸ
2200 1033 2322 1111 Θή-

298 1126 414 1203 βης
458 1121 557 1184 ἐπὶ
605 1122 716 1202 τὴν
751 1119 976 1203 Ῥόδον,
1021 1123 1228 1203 ὑμνῶν
1273 1122 1463 1202 αὐτὴν
1500 1121 1640 1203 μετὰ
1676 1122 1876 1183 αὐλῶν
1910 1122 2013 1183 καὶ
2046 1122 2318 1201 κιθάρας.

210 1234 266 1274 ιο
432 1215 516 1271 24
537 1233 584 1273 ο.
631 1210 757 1273 τὰν
792 1214 1092 1274 ποντίαν
1119 1211 1400 1292 ’ὑμνέων
1436 1206 1628 1273 παῖδ’
1664 1204 2111 1293 Ἀφροδίταςε
2149 1212 2288 1272 σύν·
2322 1228 2532 1285 Bouto

294 1307 446 1379 ηθες
499 1306 581 1385 τῷ
638 1301 920 1387 Πινδάρῳ
973 1300 1044 1361 τὰ
1107 1310 1226 1362 τῶν
1283 1301 1615 1382 Νηρηίδων
1670 1297 1930 1381 ὀνόματα
1990 1299 2139 1360 κατὰ
2200 1308 2319 1360 τῶν

293 1390 526 1451 πόλεων
578 1398 697 1449 τῶν
754 1386 1086 1470 ὁμωνύμως
1143 1388 1471 1472 λεγομένων
1515 1390 1765 1470 τάττειν,
1818 1387 1919 1451 καὶ
1962 1386 2316 1468 τοῦμπαλιν·

295 1476 415 1539 ἔστι
456 1476 520 1539 δὲ
558 1478 650 1539 ὅτε
686 1477 786 1539 καὶ
819 1477 1194 1558 συμπλέκειν,
1233 1477 1427 1560 ὥσπερ
1461 1478 1565 1539 καὶ
1598 1487 1732 1539 νῦν.
1804 1474 2077 1558 (παῖδα)
2106 1472 2321 1558 Ἀφρο-

297 1567 463 1647 δίτης
511 1564 619 1646 μὲν
645 1566 775 1648 ’γὰρ
820 1565 967 1648 λέγει
1012 1566 1120 1646 τὴν
1165 1565 1421 1650 ἡρωίδα·
1478 1567 1568 1629 ὅτι
1614 1564 1679 1628 δὲ
1732 1568 1981 1628 ποντίαν
2028 1564 2322 1646 ὀνομάζει,

217 1678 273 1719 15
298 1655 410 1735 τὴν
453 1665 642 1735 νῆσον
687 1656 954 1735 βούλεται
1001 1656 1240 1735 δηλοῦν.
1331 1654 1435 1717 ἐὰν
1482 1654 1545 1717 δὲ
1580 1657 1880 1738 γράφηται
1913 1656 2135 1717 παῖδα
2163 1649 2320 1734 ’Λμ-

296 1744 659 1826 φιτρίτης,
717 1741 797 1815 ὥς
857 1739 1234 1827 Ἀμφιτρίτης
1293 1746 1477 1825 αὐτῆς
1539 1744 1639 1806 καὶ
1697 1746 2076 1818 Ποσειδῶνος
2136 1742 2322 1822 οὔσης

294 1843 402 1913 τῆς
458 1830 664 1894 Ῥόδον
727 1834 1040 1914 θυγατρός.
1141 1833 1288 1896 κατὰ
1353 1831 1416 1894 δὲ
1488 1835 1707 1912 ταύτην
1770 1833 1881 1913 τὴν
1954 1832 2194 1914 γραφὴν
2258 1832 2321 1894 τὸ

301 1922 516 1984 ποντία
562 1918 756 1982 οὐκέτι
801 1921 893 1983 ἐπὶ
937 1931 1042 2003 τῆς
1087 1923 1277 2002 νήσου
1332 1921 1561 2002 θετέον,
1601 1916 1610 2008 Ι
1651 1917 1775 1985 ἀλλ’
1827 1921 1925 1985 ἐπὶ
1969 1932 2075 2002 τῆς
2116 1916 2321 2002 Ἀμφι-
2351 1940 2517 1998 Boeo

296 2012 520 2093 τρίτης·
581 2008 680 2070 καὶ
733 2008 844 2090 γὰρ
900 2012 1051 2090 αὕτη
1103 2011 1335 2084 ἐνάλιος
1392 2013 1638 2092 δαίμων.
1784 2013 1839 2072 d.
1890 2008 2321 2090 Ἀσκληπιάδης

212 2123 269 2164 20
299 2098 365 2161 δέ
422 2113 572 2176 φησι
625 2103 1094 2178 γενεαλογεῖσθαι
1146 2100 1258 2180 τὴν
1304 2095 1509 2162 Ῥόδον
1549 2095 1901 2181 Ἀφροδίτης
1950 2100 2051 2162 καὶ
2087 2094 2319 2163 Ἡλίου·

296 2187 404 2249 τὸν
464 2186 578 2267 γὰρ
619 2181 832 2248 Ἥλιον
899 2187 1080 2268 αὐτῆς
1148 2188 1479 2271 ἐρασθῆναι
1534 2189 1637 2251 καὶ
1693 2189 1759 2251 ἐν
1817 2189 1965 2276 αὐτῇ
2028 2199 2099 2274 τῇ
2160 2188 2322 2274 νήσῳ

297 2297 563 2356 μιγηναι.

439 2365 523 2422 24
545 2383 593 2422 e.
649 2358 858 2434 ἄλλως·
894 2367 1192 2427 ποντίαν
1228 2361 1421 2428 παῖδ’
1448 2361 1897 2449 Ἀφροδίταςτ
1934 2365 2043 2445 τὴν
2073 2356 2293 2427 Ῥόδον.
2323 2384 2535 2441 acuto

299 2451 402 2514 διὰ
462 2451 528 2512 τὸ
583 2443 737 2511 εἶναι
789 2448 852 2514 δὲ
903 2462 1088 2533 νῆσον
1139 2456 1391 2517 ποντίαν
1446 2451 1622 2520 εἶπεν.
1768 2476 1815 2516 ο.
1873 2455 1979 2536 οὐχ
2034 2455 2114 2528 ὥς
2167 2477 2321 2527 τινες

447 2681 476 2730 1
518 2674 616 2729 cfr.
655 2673 772 2728 EM
808 2681 927 2745 345,
958 2683 1021 2733 17
1167 2686 1200 2733 4
1237 2681 1359 2738 sch.
1392 2681 1443 2735 A
1479 2685 1536 2736 Σ
1567 2686 1671 2735 492

448 2914 477 2963 1
527 2915 642 2960 τῶν
681 2905 863 2959 αὐλῶν
901 2907 981 2962 cv
1033 2917 1132 2964 τοῦ
1183 2911 1357 2964 αὐλοῦ
1396 2912 1437 2969 ss
1614 2919 1649 2965 4
1686 2912 1751 2966 δὲ
1788 2928 1893 2966 om.
1936 2913 1973 2966 D
2020 2912 2029 2980 Ι
2082 2910 2182 2966 καὶ
2219 2926 2325 2964 om.

299 2985 338 3038 n
358 2980 449 3037 Εα
597 2983 630 3030 5
669 2972 827 3030 δαίθ’
861 2979 949 3033 DE
991 2980 1012 3049 ΙΙ
1057 2981 1169 3034 soh.
1209 2986 1319 3035 230
1356 2981 1601 3054 κατέβαν
1635 2998 1843 3052 praem.
1886 2981 1923 3038 0
1962 2985 2015 3051 (ο
2070 3023 2081 3035 .
2122 2984 2175 3050 8)

299 3059 332 3106 6
372 3049 456 3113 εἰς
493 3055 602 3104 om.
645 3045 780 3103 Gssb
943 3054 972 3102 ‘1
1011 3048 1214 3104 ποτίαν
1375 3059 1409 3107 8
1445 3050 1649 3108 ποτίαν
1686 3054 1777 3107 Αω
1920 3057 1951 3105 9
1990 3054 2185 3121 ὑμνεῖν

301 3129 370 3178 10
408 3122 446 3176 l.
488 3121 606 3177 BE:
644 3118 679 3172 ὑ
759 3160 770 3171 .
808 3136 864 3172 π.
896 3115 968 3173 Ἀ.
1010 3121 1048 3176 0
1101 3121 1208 3176 τὰν
1242 3140 1298 3175 π.
1338 3123 1387 3178 ὑ.
1430 3126 1467 3179 D
1522 3123 1629 3178 τὰν
1665 3141 1725 3179 π.
1764 3124 1805 3181 ss
1986 3129 2050 3178 12
2088 3122 2303 3177 πόλεων

299 3214 359 3249 π.
391 3192 491 3247 καὶ
522 3193 558 3247 Ε
605 3192 624 3259 ΙΙ
648 3137 978 3272 ,ἔζωνόμων
1007 3191 1147 3248 θῠΕ
1293 3199 1361 3248 13
1398 3193 1726 3264 συμπλέκειν
1767 3197 1832 3251 B:
1872 3192 2274 3263 συμπλέκουσιν

300 3265 488 3318 παῖδα
526 3261 727 3316 addnh
889 3267 970 3316 13.
995 3268 1063 3316 14
1099 3259 1427 3334 Ἀφροδίτην
1465 3266 1603 3321 300
1770 3271 1837 3320 14
1873 3264 1974 3333 μὲν
2011 3263 2117 3332 γὰρ
2158 3261 2327 3317 ΒΕὓε

303 3336 368 3390 δὲ
409 3335 500 3390 01)
690 3335 754 3384 15
802 3331 864 3386 δὲ
911 3348 1017 3387 om.
1060 3336 1099 3388 Β
1143 3335 1162 3404 ΙΙ
1208 3334 1493 3405 γράφηται
1541 3336 1764 3393 Boot:
1810 3335 1999 3406 γράφῃ
2044 3333 2149 3402 τὴν
2194 3331 2327 3388 fluv

452 3409 535 3458 15.
562 3403 638 3456 16·
659 3398 1002 3474 Ἀμφιτρίτης
1028 3405 1178 3496 (pr.)]
1205 3405 1528 3476 Ἀφροδίτης
1556 3407 1695 3465 ῠῠ”
1806 3412 1872 3461 16
1908 3404 2006 3458 καὶ
2033 3420 2139 3456 om.
2173 3405 2209 3458 Ε

304 3483 390 3533 18.
415 3480 486 3529 19
512 3469 839 3542 Ἀφροδίτης
876 3477 911 3530 Ε
1055 3482 1124 3530 20
1148 3475 1494 3548 Αμφιτρίτης
1531 3478 1613 3535 (lv
1756 3483 1822 3531 21
1864 3476 1924 3531 ἐν
1960 3491 2067 3529 om.
2100 3472 2187 3529 GE

301 3554 374 3604 22
415 3551 759 3614 συμμιγῆναι
797 3544 880 3599 nv
1039 3553 1108 3601 23
1145 3543 1307 3603 παῖδ’
1341 3545 1488 3619 Ἅφρ.
1527 3565 1632 3603 om.
1673 3548 1859 3605 01)ον
2014 3549 2083 3596 24
2121 3541 2182 3595 δὲ
2220 3553 2323 3590 om.

303 3617 487 3689 B(0)v
516 3609 804 3684 11·ποντίαν
840 3610 995 3672 εἶπεν
1033 3635 1137 3673 om.
1179 3619 1260 3676 ῦν
