2646 3882
1038 209 1256 279 olymp.
1285 209 1338 264 V
1374 199 1602 263 42-254
2199 211 2324 275 151

446 381 551 438 46.
616 376 923 456 αἰτήσων
966 375 1174 438 πόλιν
1219 375 1660 458 εὐανορίαιςτ
1705 375 1924 455 αἰτήσω
1971 373 2035 437 δὲ
2080 375 2164 456 σέ,
2207 396 2386 457 (γη-Α

310 485 439 547 σιν,
498 461 905 545 Ὀλυμπιόνικε
966 469 1206 546 Ψαῦμι,
1259 463 1323 526 σὲ
1377 465 1481 527 τὸν
1535 466 1756 538 ἵπποις»
1788 474 1894 527 τοῦ
1947 467 2328 538 Ποσειδῶνος

309 555 767 636 ἐπιτερπόμενον
822 547 954 637 (τῆς
1006 553 1117 636 γὰρ
1173 556 1421 634 ἱππικῆς
1473 553 1691 636 ἔφορος
1734 550 1811 634 <ὅ
1855 548 2097 638 θεός>),
2141 553 2330 616 εὔθυ-

311 669 427 726 μον
479 643 633 725 ἔχειν
694 654 879 726 γῆρας
931 643 1033 704 καὶ
1095 642 1297 725 φέρειν
1351 644 1436 717 εἰς
1486 642 1598 722 τὴν
1649 642 1951 723 τελευτὴν,
2011 645 2162 704 υἱῶν
2218 661 2326 706 σου

257 755 282 796 5
310 731 777 817 παρισταμένων.

445 825 553 882 48.
614 820 687 882 σέ
730 817 782 882 τ’
818 816 1342 902 Ὀλυμπιόνικει
1385 822 1564 883 πάλιν
1610 819 1932 903 ἀπέστρεψε
1976 821 2082 883 τὸν
2126 821 2301 903 λόγον
2330 839 2540 896 coeno

308 911 461 992 πρὸς
503 909 606 973 τὸν
660 915 909 991 Ψαῦμιν
932 927 943 938 ·
999 910 1100 972 καὶ
1144 909 1207 972 σὲ
1250 904 1448 992 ἦλθον
1493 911 1780 990 αἰτήσων,
1833 903 1880 971 ὦ
1935 909 2006 970 τὰ
2045 904 2330 990 Ὀλύμπια

206 1074 209 1075 ⁷
314 997 323 1084 Ι
355 998 712 1079 νενικηκὼς,
764 1007 893 1073 ταῖς
938 1001 1141 1073 ἵπποις
1186 999 1668 1082 ἐπιτερπόμενον·
1723 1000 2171 1062 Ποσειδανίαισι
2216 997 2302 1078 δὲ,
2334 1017 2541 1074 aeneo

309 1089 438 1151 ἐπεὶ
489 1089 779 1168 φίλιππος
835 1086 867 1150 ὅ
912 1089 1081 1162 θεός·
1122 1085 1131 1170 Ι
1172 1087 1338 1170 μέχρι
1388 1099 1494 1169 τῆς
1547 1093 1816 1168 τελευτῆς
1872 1105 1980 1150 σου
2034 1097 2140 1150 τοῦ
2190 1088 2328 1168 βίου
2358 1107 2522 1162 aueo

233 1202 287 1242 10
315 1179 543 1261 διάγειν
588 1176 654 1239 ἐν
699 1177 965 1262 εὐθυμία
1008 1177 1107 1238 καὶ
1151 1177 1215 1239 τὸ
1262 1188 1450 1260 γῆρας
1495 1183 1618 1250 τοῖς
1662 1182 1864 1251 καλοῖς
1908 1175 2150 1259 τέρπειν.
2195 1200 2248 1238 41
2271 1194 2302 1238 c

454 1270 536 1328 53
559 1287 611 1328 a.
674 1267 852 1327 υἱῶν
894 1270 1168 1347 Ψαῦμιε
1212 1264 1254 1347 ἢ
1299 1265 1523 1348 εὔχεται
1567 1267 1786 1340 παῖδας
1829 1267 1988 1351 αὐτῷ
2031 1263 2328 1348 γενέσθαι,
2356 1288 2389 1330 Α

309 1355 351 1438 ἢ
396 1353 545 1437 ὑπὲρ
589 1365 708 1416 τῶν
754 1353 942 1416 ὄντων
986 1355 1085 1416 καὶ
1130 1357 1514 1436 παρεστώτων
1559 1354 1734 1440 αὐτῷ.

450 1445 609 1506 53b.
680 1445 887 1524 υἱῶν,
946 1448 1223 1525 Ψαῦμι,
1276 1443 1848 1528 παρισταμένωνε
1910 1442 2293 1525 παρεστώτων
2332 1462 2540 1518 acuto

312 1553 427 1614 σοι,
473 1527 520 1595 ὦ
563 1537 791 1614 Ψαῦμι,
835 1531 935 1594 καὶ
970 1534 1137 1596 υΐῶν.
1227 1535 1369 1607 ἴσως
1415 1531 1478 1594 δὲ
1523 1532 1605 1606 ὥς
1649 1531 1798 1614 πρὸς
1843 1531 2034 1594 τέλεον
2076 1529 2326 1592 ἄπαιδα·

233 1644 285 1685 15
312 1621 353 1704 ἢ
389 1621 470 1697 ὥς
506 1621 918 1703 ἐπιθυμοῦντα
954 1621 1218 1704 ἀρρένων
1254 1623 1510 1684 παίδων·
1551 1616 1562 1705 Ι
1601 1619 1642 1702 ἦ
1678 1620 1759 1695 ὥς
1794 1620 2002 1683 λοιπὸν
2036 1621 2330 1703 παρεστώ·
2362 1640 2526 1696 81)Εο

311 1737 433 1775 των
477 1712 637 1797 αὐτῷ
681 1711 780 1772 καὶ
825 1713 1073 1774 παίδων.

450 1805 533 1862 54
554 1822 606 1862 a..
670 1799 983 1883 ὑγίεντατ
1029 1799 1130 1862 τὸν
1176 1799 1317 1879 μετὰ
1353 1799 1581 1881 ὑγείας·
1627 1797 1668 1880 ἦ
1703 1799 1806 1861 τὸν
1849 1798 2194 1882 ἄθραυστον
2229 1797 2330 1860 καὶ
2355 1820 2388 1862 Α

310 1889 471 1974 ὑγιῆ.
620 1890 679 1951 b.
744 1887 775 1951 ὅ
838 1886 945 1969 μὲν
1002 1884 1368 1972 Ἀρίσταρχος
1427 1887 1816 1971 ἀναγινώσκει
1874 1886 2160 1963 ὀξύτονον
2219 1887 2330 1969 τὴν

310 1979 772 2061 παραλήγουσαν
824 1978 957 2040 ἀντὶ
1006 1990 1111 2041 τοῦ
1166 1978 1536 2060 ὑγιαίνοντα·
1593 1976 1746 2051 τινὲς
1799 1976 1866 2039 δὲ
1919 1976 2000 2051 ὥς
2043 1979 2330 2059 χαρίεντα.

232 2090 287 2131 2⁰
403 2090 451 2131 ο.
496 2070 551 2129 εἰ
594 2066 658 2128 δὲ
692 2072 949 2129 πλοῦτον
984 2067 1097 2149 ἔχει
1131 2091 1221 2141 τις
1264 2062 1405 2148 μεθ’
1445 2067 1690 2149 ὑγιείας,
1736 2068 1978 2130 διοικῶν
2013 2066 2195 2129 αὐτὸν
2229 2066 2330 2127 καὶ

314 2158 600 2219 δαπανῶν
655 2154 815 2229 ὅπως
866 2154 1169 2238 πρεπῶδές
1222 2157 1411 2236 ἐστιν,
1466 2158 1611 2241 τύχῃ
1667 2154 1731 2217 δὲ
1783 2156 1884 2217 καὶ
1928 2156 2097 2242 ῧμνω
2142 2155 2331 2235 εὐφη-

312 2252 578 2327 μεῖσθαι,
624 2244 705 2325 μὴ
752 2246 983 2322 ζητείτω
1026 2246 1171 2319 θεὸς
1212 2245 1518 2327 γενέσθαι·
1561 2255 1745 2306 ταῦτα
1787 2244 1898 2327 γὰρ
1940 2244 2098 2329 αὐτῷ
2135 2244 2330 2305 ἱκανά.

451 2336 611 2396 54ᾶ.
684 2332 976 2416 ὑγίεντα
1034 2330 1091 2395 δ’
1142 2335 1212 2396 εἴ
1261 2358 1366 2408 τις
1427 2334 1666 2415 ὅλβοντ
1733 2333 1844 2413 τὴν
1901 2326 2038 2412 μεθ’
2094 2332 2296 2413 ὑγείας
2333 2351 2541 2407 aeneo

313 2422 718 2504 εὐδαιμονίαν.
861 2445 911 2484 e.
967 2421 999 2485 ὅ
1056 2421 1119 2497 δὲ
1173 2433 1344 2497 νοῦς·
1407 2421 1439 2485 ὅ
1487 2422 1550 2485 δὲ
1603 2422 1706 2485 τὸν
1759 2427 2018 2483 πλοῦτον
2070 2421 2170 2482 καὶ
2219 2420 2333 2499 τὴν

230 2534 285 2575 25
312 2513 699 2591 εὐδαιμονίαν
752 2508 949 2587 αὔξων
1002 2512 1068 2574 ἐν
1112 2511 1301 2598 ἑαυτῷ
1355 2511 1456 2574 καὶ
1499 2513 1686 2585 οὕτως
1731 2510 2002 2592 ἐπαρκῶν
2055 2520 2124 2595 τῇ
2168 2531 2334 2591 περι-

315 2604 491 2687 ουσία
544 2599 645 2661 καὶ
707 2601 947 2663 διοικῶν
1008 2601 1117 2681 τὴν
1169 2602 1428 2682 ὕπαρξιν
1480 2602 1624 2663 ὥστε
1675 2600 1774 2661 καὶ
1821 2599 2117 2679 εὐφημίας
2170 2598 2330 2683 αὐτῷ

311 2687 766 2773 προσγενέσθαι,
811 2684 983 2763 οὗτος
1029 2690 1111 2770 μὴ
1157 2692 1391 2771 ζητείτω
1437 2690 1520 2751 ἔτι
1562 2689 1664 2751 καὶ
1705 2688 1849 2762 θεὸς
1893 2686 2186 2770 γενέσθαι.

457 2866 526 2915 54
540 2860 579 2913 f.
620 2858 979 2915 Choerobosc.
999 2860 1060 2913 in
1077 2860 1351 2916 TheodOS.
1373 2878 1494 2915 can.
1513 2879 1567 2929 p.
1590 2865 1709 2926 204,
1731 2866 1797 2913 22
1820 2858 1882 2912 G.
1905 2862 2048 2929 (209,
2067 2864 2101 2911 4
2129 2856 2328 2927 Hilg.):

310 2930 873 3002 παραφυλαττόμεθα
917 2931 981 2987 δὲ
1033 2932 1189 3000 παρὰ
1232 2937 1309 3005 τῷ
1347 2930 1620 3004 Πινδάρῳ
1674 2930 1775 3000 τὴν
1823 2928 2135 2997 αἰτιατικὴν
2179 2932 2332 2997 λεγο-

312 3003 489 3075 μένην
539 2999 791 3071 ὑγίεντα·
848 3004 923 3067 ὡς
970 3003 1083 3058 ἀπὸ
1131 3002 1363 3067 εὐθείας
1406 3002 1513 3074 γάρ
1561 3002 1672 3057 ἐστι
1720 2998 2183 3069 παραληγομένης
2231 3000 2330 3067 δη-

312 3074 501 3131 λονότι
535 3078 613 3147 τῷ
642 3073 797 3141 ἰῶτα,
832 3074 908 3137 ὡς
942 3073 1053 3128 ἀπὸ
1092 3082 1191 3128 τοῦ
1226 3072 1418 3145 ὑγίεις.

456 3241 489 3287 3
530 3233 560 3287 ὁ
588 3233 729 3297 θεὸς
754 3233 881 3286 add.
914 3234 945 3287 b
1042 3239 1078 3286 4
1105 3232 1169 3287 ft.
1201 3252 1288 3289 σοι
1390 3240 1422 3287 6
1450 3234 1487 3286 1.
1518 3250 1624 3287 om.
1647 3232 1736 3289 01)
1847 3236 1881 3283 8
1918 3228 2044 3281 inc.
2074 3226 2113 3279 f.
2135 3224 2334 3295 33²8ss

314 3306 561 3372 ἐπιτρεπ.
586 3306 622 3359 Ε
718 3310 785 3357 13
811 3302 848 3357 1.
870 3321 975 3359 om.
996 3304 1184 3374 (C)Dss
1293 3311 1361 3359 14
1388 3303 1572 3359 τέλεον
1594 3303 1765 3360 Bon:
1791 3296 2016 3356 τελείων
2046 3300 2082 3353 Ε
2125 3295 2332 3350 τέλειον

317 3376 402 3433 ssv
496 3380 564 3429 15
600 3375 797 3430 λοιπὸν
837 3377 950 3430 BE:
987 3379 1196 3430 λοιπῶν
1226 3375 1374 3432 Dflss
1474 3379 1540 3429 19
1570 3372 1902 3445 ὑγιαίνοντα
1934 3372 1992 3425 b:
2020 3365 2334 3437 ὑγιαίνοντι

444 3452 511 3499 21
549 3446 692 3513 πρὸς
725 3454 791 3517 τῇ
827 3446 963 3518 τύχῃ
1001 3446 1064 3501 δὲ
1100 3447 1197 3501 καὶ
1234 3444 1388 3519 ὕμνῳ
1425 3448 1756 3514 εὐφημεῖται
1796 3446 1827 3499 b
1975 3445 2042 3494 25
2080 3437 2179 3491 καὶ
2216 3434 2329 3490 BE:

314 3518 347 3573 ὁ
376 3517 479 3571 καὶ
507 3515 652 3573 000
783 3522 849 3570 27
888 3516 1177 3590 γενέσθαι]
1215 3516 1481 3587 γενέσθαι
1517 3516 1616 3570 καὶ
1652 3516 1788 3585 μετὰ
1813 3514 1877 3569 τὸ
1916 3514 2100 3583 (τοῦτο
2129 3501 2330 3565 Germ)

311 3586 377 3645 εὖ
415 3584 711 3657 λεγόμενος
744 3586 899 3655 παρὰ
933 3598 1050 3653 τοῖς
1086 3590 1416 3658 ἀνθρώποις
1444 3590 1482 3644 Η
1504 3586 1736 3657 (Germ.)
