2646 3882
989 209 1207 280 olymp.
1238 210 1317 265 Ἦ
1356 215 1579 265 ἰο-78
2163 210 2288 275 171

406 380 517 440 75.·
574 376 647 451 ἐς
702 378 883 457 φάος
936 376 1219 440 αὐτίκαε
1274 375 1520 450 εὐθέως.
1611 375 1962 450 ἀκολούθως
2016 374 2097 451 ὡς
2149 375 2268 438 ἀπὸ
2298 395 2509 451 acuto

266 467 686 549 εὐμενεστάτης
745 467 1096 539 Εἰλειθυίας
1162 465 1376 550 ῥᾳδίαν
1419 465 1538 530 ,καὶ
1599 464 1872 547 ἅμοχθον
1935 463 2046 544 τὴν
2109 462 2298 528 ὠδῖνα

262 555 597 635 ἐποιήσατο.

406 647 485 705 76
509 665 561 704 a.
626 641 1035 722 κνιζομέναε
1079 642 1422 724 λυπουμένη
1459 641 1556 705 ἐπὶ
1590 649 1671 728 τῷ
1707 641 1788 724 μὴ
1828 643 2130 705 δύνασθαι
2165 641 2290 725 τρέ-
2317 664 2349 707 Α

213 756 239 796 5
268 756 407 812 φειν
450 733 649 796 αὐτόν.
1004 769 1013 780 ·

407 824 565 884 7610.
628 821 750 884 τὸν
797 819 922 901 μὲν
965 819 1375 902 κνιζομέναε
1422 820 1593 882 δοκεῖ
1626 820 1690 882 τὸ
1735 818 2053 901 κνιζομένα
2095 819 2269 882 ἐναν-
2298 841 2509 896 acuto

238 911 396 974 --vlov
450 905 605 972 εἶναι
655 908 805 993 πρὸς
859 909 969 991 τὴν
1030 919 1137 990 τῆς
1191 910 1544 982 Εἰλειθυίας
1603 907 1909 990 εὐμένειαν
1924 925 1939 940 ·
1997 907 2101 971 καὶ
2153 909 2295 983 ἴσως

266 997 378 1078 τὴν
422 1001 663 1082 μετρίαν
720 1000 1007 1079 αἴσθησιν
1051 1008 1158 1078 τῆς
1203 996 1533 1080 ἀλγηδόνος
1577 997 1902 1077 ’ὑποφαίνει
1937 994 2092 1079 [καὶ]
2129 1016 2294 1060 κνισ-

268 1088 385 1169 μὸν
433 1085 756 1168 ὀνομάζων.
892 1108 939 1149 ο.
995 1085 1037 1167 ἢ
1081 1086 1453 1167 λυπουμένη·
1507 1084 1670 1169 ’ἤλγει
1723 1085 1832 1167 μὲν
1883 1087 1996 1169 γὰρ
2051 1085 2132 1160 ὡς
2184 1087 2296 1167 μή-

187 1199 241 1240 10
267 1201 408 1259 τηρ,
472 1175 790 1259 στέργουσα
852 1176 917 1238 τὸ
980 1175 1188 1240 τέκνον
1201 1193 1216 1208 ·
1278 1177 1640 1240 κατελείπετο
1705 1173 1770 1237 δὲ
1833 1175 1977 1240 αὐτὸ
2035 1175 2134 1237 ἐπὶ
2191 1185 2295 1255 τῆς

266 1266 512 1348 ἐρημίας
557 1263 893 1346 βουλομένη
937 1271 1165 1328 λαθεῖν.

408 1360 486 1416 76
508 1357 563 1414 d.
627 1360 1041 1437 γλαυκῶπες
1096 1354 1341 1416 αὐτόντ
1393 1351 1435 1433 ἢ
1479 1353 1796 1436 πυρώδεις·
1846 1352 1912 1415 τὸ
1956 1352 2069 1434 γὰρ
2113 1358 2353 1434 γλαυ-Α

267 1442 378 1505 κὸν
422 1443 521 1505 ἐπὶ
556 1454 661 1506 τοῦ
698 1445 1016 1526 πυρώδους
1054 1443 1263 1506 ἔθεντο
1299 1441 1508 1506 πολλοὶ
1541 1441 1644 1504 καὶ
1678 1442 1788 1522 τὴν
1824 1441 2080 1522 σελήνην
2114 1448 2295 1524 γλαυ-

266 1531 384 1613 κὴν
429 1530 716 1614 λέγουσιν.
806 1531 848 1614 ἢ
892 1531 1009 1595 ἀπὸ
1052 1542 1160 1595 τοῦ
1203 1533 1534 1616 γλαύσσειν.

189 1643 241 1684 15
405 1625 503 1682 77.
571 1621 933 1702 δαιμόνων
986 1624 1395 1702 βουλαῖσιντ
1450 1618 1582 1700 ’ἤτοι
1625 1619 1891 1684 καθόλου
1936 1628 2055 1681 τῶν
2101 1626 2263 1682 θεῶν
2291 1640 2503 1697 uento

269 1708 621 1789 ἀκουστέον,
674 1708 715 1791 ἢ
768 1711 853 1784 εἰς
892 1706 1231 1774 Ἀπόλλωνα
1282 1709 1386 1772 καὶ
1429 1711 1782 1773 Ποσειδῶνα
1825 1707 2145 1789 ἀνοικτέον,
2189 1708 2293 1772 τὸν

268 1797 376 1878 μὲν
420 1797 661 1882 πατέρα,
704 1800 808 1862 τὸν
855 1797 919 1861 δὲ
962 1801 1319 1881 προπάτορα.

407 1891 489 1950 78
504 1909 557 1951 a.
634 1887 969 1970 ἀμεμφεῖτ
1042 1887 1285 1971 ἀμεμφῆ
1359 1886 1456 1952 ἰὸν
1523 1886 1962 1969 προσηγόρευσε
2033 1886 2098 1949 τὸ
2163 1885 2291 1968 μέλι
2317 1909 2351 1953 Α

270 1977 681 2059 σκληρότερον·
731 1976 762 2039 ὁ
798 1977 911 2059 γὰρ
950 1977 1038 2052 ἰὸς
1074 1978 1382 2061 μοχθηρόν
1417 2001 1475 2039 τι
1509 1976 1852 2056 ὑποφαίνει.
1984 1978 2040 2037 b.
2088 1974 2292 2055 ἐπειδὴ

191 2087 245 2127 20
275 2062 396 2148 [δὲ]
446 2065 758 2149 δράκοντές
802 2068 952 2128 εἰσιν
997 2068 1061 2129 οἱ
1098 2066 1433 2149 τρέφοντες,
1478 2059 1643 2129 οὗτοι
1690 2062 1754 2127 δὲ
1799 2066 2087 2127 εἰώθασιν
2131 2063 2293 2145 ἐμεῖν

269 2154 374 2217 τὸν
428 2154 547 2217 ἰόν·
612 2154 755 2217 ὥστε
807 2155 1159 2219 τούναντίον
1214 2155 1563 2238 ἐργάζεσθαι
1626 2154 1730 2217 τὸν
1783 2164 1902 2217 τῶν
1958 2153 2296 2235 δρακόντων

271 2243 366 2305 ἰὸν
412 2242 604 2324 ὥσπερ
650 2244 899 2305 εἰώθασι
943 2243 1090 2307 κατὰ
1134 2246 1322 2324 φύσιν
1344 2289 1364 2323 ,
1409 2254 1516 2306 τοῦ
1560 2250 1713 2306 θεοῦ
1759 2244 1844 2316 εἰς
1886 2252 2060 2306 τοῦτο
2105 2264 2295 2324 παρα-

272 2331 593 2411 στήσαντος
646 2330 758 2411 τὴν
813 2333 999 2412 φύσιν
1056 2342 1177 2395 τῶν
1233 2331 1588 2415 δρακόντων.
1721 2352 1769 2392 o.
1803 2330 1866 2412 ἢ
1920 2332 2000 2416 ἰῷ
2055 2336 2295 2412 μελισ-

272 2430 401 2483 σᾶν
445 2426 526 2505 τῷ
571 2418 773 2501 μέλιτι,
820 2419 917 2483 διὰ
961 2420 1071 2501 τὴν
1118 2424 1441 2504 δριμύτητα
1473 2421 1586 2483 ,καὶ
1629 2419 1778 2483 κατὰ
1823 2421 2176 2501 μεταφορᾶν.

192 2530 245 2572 25
278 2511 333 2570 d,
378 2508 505 2571 ἐπεὶ
542 2509 857 2591 δράκοντές
893 2511 1061 2588 εἰσιν,
1108 2505 1272 2574 οὗτοι
1306 2508 1458 2592 <δὲ>
1493 2510 1808 2573 εἰώθεισαν
1843 2508 2006 2589 ἐμεῖν
2042 2509 2146 2571 τὸν
2166 2507 2293 2570 ιίόν.

356 2621 409 2661 θ.
458 2595 589 2680 [ἐν]
640 2598 958 2679 ἀμεμφεῖ
992 2600 1073 2685 ἰῷ
1121 2606 1495 2680 μελισσῶνε
1549 2597 1742 2681 ’ἤγουν
1785 2598 1853 2661 ἐν
1899 2596 2177 2685 ἀμέμπτῳ
2224 2598 2295 2683 ἰῷ

270 2688 371 2750 καὶ
414 2687 575 2771 παρὰ
618 2698 737 2749 τῶν
780 2693 1091 2767 μελισσῶν·
1139 2687 1271 2769 ἤτοι
1315 2687 1666 2775 ἅπαλωτέρῳ
1711 2687 1812 2752 καὶ
1854 2686 2206 2774 γλυκυτέρφ.

412 2902 480 2950 12
516 2896 635 2949 ΕΜ
673 2900 793 2962 233,
824 2901 889 2950 21
1040 2902 1107 2949 14
1143 2896 1219 2951 ib.
1260 2901 1328 2949 36

406 3097 446 3145 4
484 3089 821 3219 κνιζομένὲα)
931 3096 962 3145 6
998 3090 1100 3146 τὸν
1136 3090 1238 3161 μὲν
1272 3107 1382 3145 om.
1423 3090 1461 3147 D
1487 3093 1508 3161 ΙΙ
1543 3090 1839 3161 κνιζομένα
1877 3091 1918 3146 Β
1963 3088 2295 3159 κνιζομέναν

273 3162 337 3219 ss:
382 3162 692 3233 κνυζομένα
792 3162 1146 3234 D(ubique)E
1172 3165 1191 3232 ΙΙ
1218 3162 1590 3233 κνι(υ)ζομένη
1639 3164 1676 3218 D
1691 3164 1728 3218 Ε
1781 3160 2112 3231 κνιζομέναν
2149 3159 2191 3216 D

274 3240 303 3287 7
331 3232 497 3325 πρὸς]
526 3235 601 3298 ὡς
626 3234 769 3303 πρὸς
798 3235 835 3289 D
928 3238 961 3287 8
991 3234 1090 3287 καὶ
1116 3250 1223 3287 om.
1252 3247 1285 3288 v
1384 3238 1434 3287 8.
1455 3239 1486 3287 9
1516 3233 1752 3303 κνισμὸν
1778 3232 1948 3290 Bou:
1985 3228 2322 3303 κνι(υ)σμὸν·

275 3304 584 3376 ὑποφαινει
624 3307 713 3362 DE
859 3310 891 3357 9
930 3301 965 3374 ἢ
1004 3303 1322 3375 λυπουμένη
1363 3304 1579 3362 cnm:
1618 3303 1910 3374 κνιζομένη
1950 3305 1990 3358 Β
2043 3300 2079 3371 ἢ
2117 3304 2298 3364 κνιζο-

274 3375 413 3446 μένη
434 3376 759 3447 ’λυπουμένη
788 3390 821 3431 ν
848 3377 867 3445 ΙΙ
895 3375 1072 3446 ἤλγει]
1101 3371 1136 3443 ἢ
1164 3374 1308 3444 λέγει
1339 3378 1376 3431 Ε
1403 3377 1422 3445 ΙΙ
1449 3374 1554 3446 γὰρ
1586 3392 1692 3431 om.
1726 3374 1866 3432 DED
1977 3379 2044 3427 10
2083 3371 2112 3428 ὃ
2141 3388 2296 3425 κατε-

271 3444 509 3515 λείπετο,
548 3464 653 3501 om.
692 3446 757 3503 δὲ
792 3447 949 3515 αὐτὸ,
982 3449 1019 3503 D
1066 3450 1085 3518 11
1129 3444 1544 3503 καταλείπουσα
1583 3446 1620 3503 G
1781 3451 1844 3499 11
1885 3445 2075 3500 ἐλθεῖν
2114 3444 2154 3497 Β

277 3523 343 3573 14
380 3517 661 3587 γλάσσεινε
704 3520 735 3574 b
899 3523 965 3573 16
1004 3518 1107 3589 εἰς]
1145 3518 1220 3582 ὡς
1257 3520 1294 3574 Ε
1455 3524 1522 3571 18
1560 3518 1786 3609 ἀμεμφῆ
1827 3516 1916 3571 ἰὸν
1953 3517 2016 3570 V:
2056 3512 2300 3582 ἀμεμφεῖ

274 3589 338 3645 δὲ
373 3589 418 3645 Α
564 3594 631 3643 20
669 3588 732 3644 δὲ
769 3589 878 3644 del.
915 3592 950 3646 h
1097 3596 1164 3643 22
1201 3582 1351 3661 ᾧπερ
1392 3591 1423 3645 b
1570 3593 1637 3643 25
1675 3606 1850 3654 ουτοι,
1876 3586 1921 3642 Α
