2646 3882
356 194 486 258 262
1254 192 1481 248 Scholia

152 380 363 436 scuto
502 363 626 421 102
651 381 703 421 a.
768 358 916 421 ἔστι
979 356 1050 421 δὲ
1114 359 1237 421 καί
1293 382 1360 421 τι
1422 359 1928 423 θανόντεσσινε
1994 358 2114 421 ἔστι
2170 357 2234 421 δὲ
2288 360 2401 421 καὶ

357 454 482 522 τοῖς
517 448 980 529 τετελευτηκόσιν
1016 447 1272 528 ἔννομον
1307 448 1411 511 καὶ
1448 449 1681 512 δίκαιον
1718 447 1891 530 μέρος
1926 446 2396 529 ὼτοδιδόμενον,

357 538 423 600 τὸ
471 547 586 599 τῶν
631 536 892 600 ἐπαίνων
936 536 1103 619 λέγει.

298 648 329 691 A
494 631 618 689 102
641 629 695 688 b.
761 626 1196 689 θανόντεσσι
1241 624 1477 707 μέροςε
1532 626 1632 689 καὶ
1677 633 1801 701 τοῖς
1855 624 2239 689 ἀποθανοῦσι
2285 651 2393 707 με-

355 715 644 797 μέρισται,
707 714 807 777 καὶ
867 716 930 778 ot
983 714 1398 789 ἀποθανόντες
1450 725 1810 778 κοινωνοῦσι
1872 724 1977 797 τῆς
2029 724 2149 778 τῶν
2203 715 2390 796 έγκω-
2454 740 2480 780 5

329 807 510 885 μίων
554 814 808 887 γραφῆς

253 905 328 956 Βεῐ
493 898 638 957 103.
703 886 1157 978 (καννόμονε)
1205 891 1337 973 ήτοι
1381 892 1527 955 κατὰ
1573 893 1776 973 νόμον.

145 1002 354 1058 aeneo
495 988 641 1051 104.
704 984 1185 1063 κατακρύπτει
1231 976 1287 1043 δ’
1321 980 1405 1045 ού
1451 983 1654 1056 κόνις
1696 982 1959 1044 κεδνὰν
1997 982 2230 1062 χάριν·
2277 981 2389 1061 τὴν

353 1082 471 1134 τῶν
517 1081 820 1154 συγγενῶν
857 1070 1098 1154 ἀγαθὴν
1142 1073 1312 1153 χάριν
1359 1071 1432 1134 ού
1478 1073 1721 1153 κρύπτει
1755 1070 1945 1151 κόνις,
1991 1064 2119 1131 ἀλλ’
2150 1070 2217 1133 έν
2262 1094 2387 1149 φα·-

354 1168 505 1247 νερῷ
563 1160 803 1241 κειμένη
867 1160 968 1223 καὶ
1036 1170 1152 1222 τῶν
1221 1160 1564 1233 τεθνεώτων
1627 1159 1969 1239 ἐφικνεῖται.
2059 1160 2209 1241 πρὸς
2270 1160 2387 1242 γὰρ
2419 1184 2475 1223 10

352 1261 525 1313 τοῦτο
571 1250 635 1312 τὸ
681 1260 804 1311 πᾶν
850 1249 1028 1331 λέγει,
1083 1250 1186 1311 τὸν
1232 1247 1342 1329 μὲν
1396 1250 1575 1331 λόγον
1620 1249 1687 1311 έν
1731 1255 1812 1335 τῷ
1857 1249 2125 1311 καθόλου
2170 1248 2384 1325 τιθεὶς,

353 1341 562 1401 τείνων
610 1337 672 1400 δὲ
718 1338 865 1420 πρὸς
909 1338 1133 1417 έκεῖνο,
1189 1337 1282 1400 διὸ
1331 1348 1435 1418 τῆς
1488 1340 1664 1418 νίκης
1715 1339 1926 1401 τούτου
1974 1336 2005 1399 ὅ
2052 1336 2384 1419 προθανὼν

349 1422 552 1507 Ἰφίων
600 1426 811 1509 μετέχει
855 1427 958 1489 καὶ
1004 1427 1337 1506 συνήδεται.
1986 1474 1991 1477 -

299 1537 330 1580 A
495 1520 620 1577 105
643 1538 696 1577 a.
764 1517 1132 1597 συγγόνων
1177 1515 1441 1577 κεδνὰν
1487 1516 1718 1597 χάριντ
1763 1516 1876 1596 τὴν
1921 1525 2039 1577 τῶν
2076 1515 2384 1597 συγγόνων

353 1605 598 1686 ἀγαθὴν
651 1607 820 1686 χάριν
876 1604 949 1667 ού
1003 1607 1244 1684 κρύπτει
1297 1604 1495 1684 κόνις,
1554 1604 1699 1666 ἀλλὰ
1744 1604 1809 1667 ἐν
1856 1610 2095 1689 φανερῷ
2141 1603 2382 1684 κειμένη
2412 1628 2467 1667 15
2580 1670 2589 1678 ,

353 1693 453 1756 καὶ
507 1694 591 1768 εἰς
643 1700 971 1766 τεθνεῶτας
1031 1692 1390 1771 ἀφικνεῖται·
1458 1694 1606 1775 πρὸς
1660 1694 1771 1776 γὰρ
1828 1692 2089 1775 (τοῦτο)
2142 1693 2207 1755 τὸ
2260 1703 2383 1756 πᾶν

255 1806 260 1811 ·
354 1782 519 1864 λέγει.
653 1785 708 1843 b.
756 1782 856 1844 καὶ
900 1782 1012 1864 γὰρ
1061 1784 1124 1845 οἱ
1153 1784 1682 1861 προαποθανόντες
1720 1789 2020 1865 συγγενεῖς
2056 1792 2161 1845 τοῦ
2198 1777 2383 1844 Ἀλκι-

355 1872 637 1952 μέδοντος
683 1872 1059 1953 μετειλήφασι
1105 1881 1211 1951 τῆς
1255 1870 1353 1933 ἐπὶ
1398 1882 1469 1957 τῇ
1515 1874 1653 1960 νίκῃ
1703 1871 1909 1952 δόξης,
1956 1870 2036 1946 ὡς
2082 1865 2237 1933 εἶναι
2283 1870 2383 1933 διὰ

355 1962 463 2041 τὴν
507 1963 721 2024 τούτου
769 1962 948 2037 δόξαν
995 1961 1339 2035 ἀθανάτους
1388 1962 1625 2035 αύτούς.

295 2072 326 2115 A
492 2055 616 2113 106
639 2073 692 2114 a.
750 2047 964 2131 Ἑρμᾶ
1021 2049 1092 2112 δὲ
1147 2051 1536 2133 θυγατρός;
1595 2045 1796 2127 Ἰφίων
1850 2051 2144 2132 πρόγονος
2194 2044 2383 2112 Ἀλκι-
2412 2075 2465 2114 20

355 2139 658 2220 μέδοντος·
724 2142 788 2202 οί
842 2138 904 2203 δὲ
966 2140 1055 2202 ὅτι
1113 2140 1304 2222 πατὴρ
1366 2141 1567 2202 αὐτοῦ.
1733 2141 1789 2200 b.
1856 2140 2382 2218 εἰδωλοπεποίηκεν

345 2227 567 2311 Ἑρμοῦ
636 2228 936 2312 θυγατέρα
1007 2228 1116 2308 τὴν
1180 2228 1480 2310 ἀγγελίαν·
1557 2227 1799 2311 ἅγγελος
1870 2228 1982 2310 γὰρ
2047 2222 2221 2302 οὗτος
2283 2227 2384 2290 καὶ

355 2320 624 2401 διάκτωρ.
708 2318 856 2380 ’ὅθεν
901 2317 1161 2391 ἀκούσας
1210 2316 1241 2379 ὁ
1274 2313 1477 2395 Ἰφίων
1522 2327 1626 2398 της
1671 2328 1777 2379 τοῦ
1812 2314 2036 2396 Ἑρμοῦ
2082 2316 2382 2398 θυγατρὸς

350 2402 642 2489 Ἀγγελίας
688 2409 842 2469 εἴποι
887 2413 968 2492 τῷ
1014 2408 1390 2492 Καλλιμάχῳ,
1441 2405 1520 2479 ὡς
1566 2406 1666 2468 καὶ
1710 2408 1897 2469 τούτω
1944 2412 2222 2488 συγγενεῖ
2256 2431 2384 2469 οντι

350 2495 451 2557 καὶ
493 2497 1047 2578 προτετελευτηκότι.
1193 2516 1240 2556 ο.
1287 2495 1557 2575 κόσμον
1604 2493 1667 2556 δὲ
1708 2470 2079 2578 Ὀλυμπία,
2132 2494 2243 2574 τὴν
2292 2497 2381 2556 νί-
2410 2519 2462 2558 25

351 2609 482 2664 κην.
619 2587 673 2646 d.
716 2581 920 2660 Ἰφίων
967 2583 1160 2665 πατὴρ
1195 2578 1637 2664 Ἀλκιμέδοντος
1680 2584 1961 2656 τεθνεώς·
2012 2584 2382 2665 Καλλίμαχος

355 2671 417 2734 δὲ
463 2669 548 2747 εἷς
593 2684 710 2735 τῶν
758 2682 1072 2755 συγγενῶν.
1161 2669 1193 2734 ὃ
1243 2671 1306 2734 δὲ
1353 2671 1523 2752 λέγει,
1568 2673 1840 2734 τοιοῦτόν
1886 2672 2069 2734 ἐστιν·
2118 2672 2381 2746 ἀκούσας

346 2756 551 2841 Ἰφίων
595 2762 704 2841 τὴν
751 2761 1025 2844 ἀγγελίαν
1071 2761 1225 2823 εἴποι
1269 2761 1347 2823 ἂν
1392 2764 1754 2848 Καλλιμάχῳ.
1894 2783 1941 2823 e.
1989 2759 2201 2836 ἄλλως·
2249 2783 2382 2824 ποι-

351 2861 568 2931 ητικῶς
613 2851 959 2914 ἀναπλάττει
1003 2861 1108 2932 τῆς
1145 2850 1429 2933 ἀγγελίας.
1513 2848 1552 2930 ἣ
1592 2851 1733 2923 ἴσως
1771 2849 1851 2924 ὥς
1890 2851 2178 2930 αἴσθησιν
2216 2849 2380 2932 ἐχόν-

352 2964 469 3002 των
523 2951 642 3002 τῶν
697 2940 1038 3002 τεθνεώτων
1093 2938 1258 3021 λέγει.
1404 2943 1444 3003 f.
1504 2938 1534 3001 ὁ
1591 2937 1655 3001 δὲ
1709 2950 1881 3013 νοῦς·
1936 2939 2096 3021 παρὰ
2152 2937 2215 3001 δὲ
2275 2950 2380 3020 τῆς
2409 2965 2462 3004 30

498 3155 526 3202 1
573 3148 610 3201 l.
652 3147 873 3205 GDEss:
931 3149 1042 3203 ἔστι
1087 3148 1184 3201 καὶ
1229 3145 1605 3201 θανόντεσσιν
1654 3149 1737 3202 BV
1919 3153 1950 3200 2
1996 3145 2381 3216 τελευτηκόσιν

355 3221 444 3272 Bu
474 3220 493 3286 ΙΙ
522 3218 685 3287 μέρος
721 3237 827 3273 om.
871 3221 906 3274 Ε
1064 3225 1095 3273 6
1134 3226 1357 3288 γραφῆς
1394 3233 1524 3288 ego:
1562 3226 1747 3288 ταφῆς
1898 3223 1930 3271 8
1968 3217 2178 3274 κεδνὰν
2214 3217 2381 3289 χάριν

353 3305 460 3342 om.
501 3290 589 3343 00
738 3296 768 3343 9
807 3291 875 3344 οὐ
913 3306 1019 3344 om
1062 3292 1098 3345 Ε
1245 3295 1312 3344 10
1349 3289 1723 3380 τεθνηκότων
1748 3288 1789 3346 ss
1814 3291 1833 3357 ΙΙ
1856 3290 2185 3358 ἀφικνεῖται
2226 3291 2261 3344 Ε

358 3365 421 3411 12
453 3359 668 3413 ἐκεῖνον
699 3359 883 3418 01)ον
909 3364 928 3431 ΙΙ
954 3361 1155 3416 τούτου
1186 3378 1293 3416 om.
1326 3363 1363 3417 Ε
1476 3367 1540 3415 14
1570 3359 1771 3415 κενεὰν
1874 3366 1938 3414 16
1970 3360 2226 3429 supplevi
2256 3377 2325 3414 ex
2344 3361 2384 3416 V

462 3433 529 3481 20
569 3427 707 3497 ἕρμα
843 3438 910 3485 24
949 3441 1206 3502 συγγενεῖ
1241 3432 1361 3488 ὄντι
1390 3433 1453 3487 V:
1493 3439 1902 3502 συγγειτνιῶντι
1939 3433 1983 3486 Α
2111 3437 2195 3484 25.
2219 3437 2285 3484 26
2314 3440 2383 3502 τῇ

353 3497 482 3590 νίκη
592 3505 658 3553 28
697 3500 1049 3574 Καλλίμαχος
1164 3510 1231 3556 29
1261 3505 1463 3559 ἀναπλ.
1492 3523 1538 3556 τ.
1569 3504 1674 3572 άγγ
1679 3503 2007 3570 ‚corruptam
2048 3504 2147 3556 aut
2175 3503 2379 3557 ἀναπλ.

352 3569 454 3630 τὰς
489 3569 610 3638 ἀγγ.
651 3574 750 3624 aut
787 3574 987 3628 ἀναπλ.
1021 3617 1174 3628 .....
1208 3575 1355 3644 (lac.)
1385 3583 1483 3644 τῆς
1517 3523 1674 3643 ἀγγγγ
1680 3571 1746 3640 ej.
1788 3571 2095 3626 Sohroeder
2309 3609 2318 3618 ·
