2646 3882
330 235 432 292 XX
1199 235 1501 290 Praefatio,

326 424 544 466 novam
598 421 837 481 prorsus
892 405 1172 464 formam·
1198 404 1301 464 his
1348 405 1589 464 scholiis
1642 403 1843 462 induit
1898 407 1958 463 et
2013 403 2362 464 admirabiii

328 513 480 570 quae
533 492 597 552 in
639 495 748 553 fflo
807 494 925 552 fuit
979 493 1249 553 doctrina
1304 494 1544 552 adiutus
1597 494 1888 570 plurimos
1942 494 2103 552 locos
2158 513 2358 552 emen-

326 583 512 642 davit.
605 582 720 642 Sed
763 602 952 659 neque
1009 582 1276 642 codicum
1321 582 1468 642 satis
1527 583 1769 658 plenam
1812 583 2093 642 notitiam
2136 583 2359 641 habuit

326 690 433 731 nec
469 672 696 732 scholia
732 672 952 730 diversi
969 703 972 706 ·
987 674 1218 749 generis
1255 673 1476 748 ubique
1512 674 1831 748 separavit,
1878 671 2137 750 augendi
2172 691 2361 747 quam

326 760 730 839 distinguendi
783 761 1118 820 studiosior.
1177 791 1262 802 —-
1321 759 1703 820 Lectiones
1763 761 2103 838 vulgatas
2157 759 2263 818 ubi
2318 779 2359 818 a

324 868 460 910 mea
503 850 842 925 discrepant
886 852 950 908 in
997 852 1294 926 apparatu
1338 851 1691 926 plerumque
1736 849 2211 924 commemoravi,
2256 869 2356 908 ex·-

328 941 515 1015 eeptis
549 941 751 998 tamen
788 939 1088 998 lemmatis
1116 939 1529 1015 similibusque
1561 939 1753 1014 rebus,
1788 941 1857 996 in
1884 939 2097 1014 quibus
2122 940 2357 1015 primus

331 1028 525 1086 editor
569 1029 714 1087 satis
760 1029 942 1088 libere
979 1030 1252 1090 versatus
1297 1030 1415 1104 est;
1458 1046 1649 1104 neque
1686 1045 1825 1087 vero
1872 1030 1928 1087 si
1964 1047 2081 1104 qua
2126 1027 2359 1087 scholia

323 1118 422 1175 vel
475 1117 637 1192 apud
682 1117 1048 1176 Boeckhium
1105 1117 1203 1176 vel
1253 1119 1338 1175 in·
1374 1137 1509 1177 moa
1562 1117 1823 1176 editione
1874 1117 2137 1194 vulgatis
2196 1135 2357 1176 nova

327 1208 722 1282 accesserunt,
779 1205 1112 1266 notandum
1159 1205 1316 1264 duxi.
1407 1207 1480 1264 In
1524 1205 1949 1266 recentioribus
1995 1205 2355 1265 editionibus

330 1295 383 1354 si
420 1311 538 1370 qua
575 1315 609 1353 a
655 1296 918 1372 vulgatis
957 1295 1340 1354 abhorrentia
1374 1297 1596 1370 inveni,
1643 1295 1721 1354 ad
1754 1295 2016 1371 primum
2053 1297 2357 1354 auctorem

323 1383 517 1443 relata
561 1384 880 1462 diligenter
914 1384 1200 1446 adnotavi
1209 1407 1227 1458 3⁴
1271 1384 1377 1444 sed
1412 1403 1483 1442 ex
1518 1383 1915 1444 Boeckhianis
1949 1384 2144 1444 multa
2178 1385 2353 1442 omit·

323 1473 506 1530 tenda
552 1476 740 1548 erant,
761 1471 764 1474 ’
785 1473 960 1548 quod·
979 1476 1032 1532 is
1067 1473 1467 1532 Ambrosiam
1504 1492 1639 1532 cum
1673 1473 1985 1532 Vaticanis
2021 1471 2198 1532 haud-
2216 1487 2358 1532 raro

325 1563 416 1619 ita
451 1563 776 1636 coniunxit,
821 1565 892 1620 ut
926 1581 1148 1622 novum
1183 1565 1419 1622 textum
1448 1561 1728 1622 efficeret.
1814 1562 1982 1631 Quae.
2016 1561 2095 1621 ad
2129 1562 2356 1622 scholia

323 1652 532 1710 nostra
575 1651 943 1710 emendanda
987 1654 1228 1728 praeter
1271 1651 1529 1711 editores
1586 1651 1966 1710 contulerunt
2008 1652 2129 1709 viri
2172 1651 2353 1725 docti,

323 1741 394 1798 ut
436 1741 608 1815 potui
653 1739 1014 1816 conquisivi3
1069 1741 1176 1799 sed
1215 1742 1397 1816 pauci
1448 1742 1581 1816 ipsa
1640 1741 1867 1800 scholia
1923 1740 2127 1800 dedita
2172 1759 2356 1816 opera

291 1830 758 1904 tractaverunt,
812 1831 878 1886 in
931 1829 1146 1905 quibus
1205 1832 1447 1906 praeter
1487 1829 1869 1889 Lehrsium
1915 1821 2057 1910 (Die
2102 1828 2353 1887 Pindar-

324 1915 602 1977 scholien.
663 1916 902 1994 Lipsiae
953 1911 1154 2001 1873)
1207 1919 1265 1977 ha
1310 1919 1350 1977 1.
1404 1918 1725 1979 nominabo
1787 1918 1985 1978 Horn
2052 1909 2175 1999 (De
2215 1917 2353 1976 Ari-

324 2006 548 2067 starchi
583 2008 798 2066 studiis
824 2007 1172 2069 Pindaricis.
1217 2008 1375 2068 Diss.
1402 2006 1838 2085 Gryphiswald.
1860 1999 2086 2089 1883);
2132 2006 2351 2066 Feine

327 2087 444 2176 (De
506 2095 854 2156 Aristarcho
917 2097 1166 2157 Pindari
1225 2100 1569 2174 interprete.
1638 2097 1795 2155 Dies,
1842 2096 1882 2153 J
1884 2114 2076 2155 emens
2122 2088 2353 2177 18·83)3

327 2184 542 2261 Sybel
597 2177 716 2267 (De
761 2185 1000 2246 scholiis
1046 2188 1192 2246 vett.
1237 2187 1302 2245 in
1347 2187 1595 2246 Pindari
1640 2187 1921 2245 carmina.
1990 2186 2147 2245 Diss.
2192 2186 2353 2244 Mar-

323 2275 492 2351 burg.
526 2267 742 2357 1872).
815 2275 912 2334 Ad
949 2276 1174 2335 scholia
1201 2275 1601 2335 Ambrosiana
1636 2274 1703 2333 Ο.
1734 2275 1764 2332 I
1800 2277 1862 2333 et
1888 2275 1951 2333 Π
1986 2274 2355 2334 emendanda

324 2365 597 2423 nonnihil
625 2366 884 2424 contulit
912 2363 974 2423 G.
1004 2365 1072 2422 E.
1095 2364 1197 2424 Ch.
1227 2364 1623 2425 Schneider
1650 2356 2025 2445 (Apparatus
2052 2364 2355 2422 Pindarici

325 2454 818 2529 supplementum.
872 2454 1276 2514 Vratislaviae
1327 2446 1543 2535 1844).
1638 2452 1849 2513 Cetera
1901 2472 2009 2529 per-
2062 2453 2351 2511 editiones

325 2540 587 2617 Pindari,
633 2544 876 2601 annales
911 2543 1322 2621 philologi008‚
1366 2544 1749 2603 miscellanea
1784 2544 2051 2601 veterum
2087 2540 2353 2600 virorum

325 2630 633 2688 doctorum
689 2630 834 2689 adeo
903 2632 1171 2707 dispersa
1233 2632 1542 2709 leguntur,
1602 2634 1673 2690 ut
1734 2631 1927 2690 multa
1978 2648 2076 2688 me
2128 2628 2351 2707 fugisse

326 2720 520 2777 certus
559 2721 686 2777 sim.
762 2718 1144 2781 Coniecturas
1183 2722 1258 2779 ad
1284 2721 1467 2780 verba
1502 2721 1751 2779 Pindari
1785 2720 2166 2797 pertinentes,
2202 2735 2351 2792 quas

325 2808 443 2865 viri
487 2807 649 2867 docti
703 2826 772 2866 ex
817 2810 1056 2869 scholiis
1109 2812 1479 2885 petiverunt,
1534 2810 1773 2869 silentio
1826 2809 2230 2885 praetermisi,
2281 2808 2353 2865 ut

327 2914 535 2954 ‘verum
577 2898 790 2972 fateor,
835 2898 1156 2959 deterritus
1201 2900 1470 2975 exemplo
1514 2898 1729 2958 Abelii.

459 2985 672 3045 Restat
707 2988 777 3045 ut
812 2989 1040 3065 gratias
1079 3006 1254 3067 agam
1297 2987 1375 3047 iis
1410 2990 1557 3048 viris
1594 2987 1784 3047 doctis
1830 2987 1936 3062 qui
1982 2985 2182 3045 studia
2216 3003 2354 3044 mea

290 3110 292 3113 >
329 3073 512 3133 variis
557 3074 748 3135 modis
795 3075 1168 3137 adiuverunt⁴
1251 3076 1555 3146 Quantum
1590 3076 1837 3135 debeam
1884 3074 2354 3147 Schroedero,

267 3184 272 3190 ·
329 3182 398 3221 ex
469 3162 603 3239 ipsa
671 3164 784 3223 hac
847 3164 1106 3225 editione
1171 3184 1385 3241 parum
1456 3168 1735 3243 apparetr,
1809 3165 1914 3240 qui
1977 3184 2097 3223 non
2160 3164 2354 3222 solum

328 3251 706 3329 plagulamm
760 3254 1243 3331 corrigendarmn
1304 3254 1505 3313 taedio
1547 3256 1832 3330 ,suscepto
1879 3252 1957 3311 ad
2010 3254 2241 3311 textum
2294 3253 2355 3310 et

329 3344 685 3415 apparatum·
731 3342 1162 3403 emendandum
1214 3344 1477 3421 plurima
1520 3344 1800 3417 contulit,
1854 3342 1959 3401 sed
2012 3343 2195 3399 etiam
2247 3359 2357 3417 per

327 3430 548 3489 multos
595 3450 779 3491 annos
827 3434 887 3491 et
933 3434 1179 3492 consilio
1226 3434 1287 3491 et
1339 3431 1542 3491 labore
1587 3433 1677 3490 ita
1720 3431 1869 3489 mihi
1914 3430 2135 3503 adfuit,
2181 3430 2249 3487 ut
2295 3430 2359 3487 et

327 3518 393 3576 in
435 3520 712 3581 universa
756 3540 820 3579 re
867 3524 926 3579 et
969 3523 1035 3579 in
1081 3522 1331 3599 singulis
1368 3518 1852 3580 administrandis
1898 3519 1998 3577 vix
2035 3516 2356 3595 quicquam

329 3625 397 3665 eo
442 3609 737 3669 nesciente
783 3611 1144 3669 novaverim.
1234 3609 1664 3687 Apographum
1710 3606 1929 3667 codicis
1974 3606 2357 3667 Ambrosia-ni
