2646 3882
309 149 318 152 ’
335 149 518 206 XVIII
1174 195 1178 200 .
1206 150 1510 205 Praefatio,

309 321 604 379 ”lectionis
659 321 897 396 punctis
951 320 1110 379 infra
1166 321 1381 396 positis
1442 321 1665 378 notavi.
1756 318 1921 378 Haec
1978 320 2151 397 signa
2208 320 2274 377 in
2317 321 2371 378 B

307 411 456 468 ·fere
502 410 626 468 solo
683 410 1025 484 occurruntz,
1081 427 1271 485 neque
1328 411 1529 467 tamen
1585 408 1923 483 ubicunque
1976 409 2041 467 in
2086 408 2137 466 B
2184 411 2371 484 scrip-

327 501 470 557 tura
515 497 828 557 obscurata
875 501 988 573 est,
1043 500 1109 556 in
1155 501 1453 574 apparatu
1510 497 1903 557 dubitationis
1959 499 2131 574 signa
2176 499 2371 574 posui,

329 587 432 646 sed
477 587 563 645 ibi
606 589 844 646 tantum
897 587 1002 646 ubi
1047 587 1119 646 de
1164 605 1306 646 vera
1363 586 1614 646 lectione
1670 587 1937 661 aliquam
1992 585 2067 645 ob
2110 605 2371 646 ‘causam

335 676 600 735 dubitari
627 695 798 752 posse
825 677 1078 735 videtur.
1114 707 1205 716 —
1244 675 1496 752 Signum
1523 675 2011 753 interrogationis
2040 675 2119 734 ad
2148 677 2371 754 siglum

329 764 546 824 codicis
603 766 944 842 appositum
1001 766 1076 824 ad
1124 786 1259 824 eum
1313 765 1509 824 solum
1566 764 1827 823 codicem
1882 766 2145 840 pertinet
2200 765 2369 824 cuius

327 855 481 932 siglo
531 856 871 930 appositum
917 857 1034 930 est3
1077 857 1149 913 ut
1183 853 1345 912 BDE
1360 851 1389 911 *Ρ
1436 853 1752 932 significat,
1798 854 1869 912 de
1908 854 2161 912 lectione
2208 854 2366 914 eodi-

243 945 250 952 “
326 963 462 1002 cum
505 943 613 1001 BD
661 946 958 1019 constare,
1016 943 1088 1001 de
1135 943 1184 1001 Ε
1230 962 1352 1003 11011
1396 945 1559 1016 item.
1650 942 1781 1001 Hoc
1836 944 2037 1001 autem
2096 942 2253 1020 siglo
2298 963 2367 1002 eo

305 1033 576 1091 -consilio
623 1051 764 1090 usus
810 1051 958 1109 sum,
1004 1034 1075 1090 ut
1122 1032 1265 1107 quid
1308 1034 1375 1090 in
1422 1032 1620 1091 codice
1668 1033 1958 1106 scriptum
2004 1034 2159 1090 esset
2204 1034 2366 1092 certo

327 1121 619 1198 distingui
654 1141 773 1180 non
819 1139 992 1197 posse
1027 1121 1382 1194 indicarem3
1430 1121 1837 1179 dubitationes
1872 1139 2035 1180 meas
2074 1121 2144 1180 de
2184 1122 2365 1180 colla-

325 1213 509 1270 tionis
553 1209 870 1284 fidelitate,
925 1213 996 1268 ut
1040 1209 1298 1270 suboriri
1342 1210 1465 1268 fere
1512 1229 1746 1269 necesse
1793 1211 1939 1285 fuit,
1994 1210 2085 1268 ita
2128 1209 2366 1270 lectori-

307 1299 443 1358 -bus
491 1299 731 1358 obtrudi
775 1300 944 1358 nulla
986 1299 1146 1357 ratio
1193 1301 1298 1358 est.

462 1387 801 1446 Ordinem
847 1388 1288 1448 scholiorum
1336 1389 1441 1463 qui
1476 1389 1541 1446 in
1579 1387 1876 1446 codicibus
1914 1390 2021 1462 est,
2068 1390 2121 1446 si
2158 1407 2195 1446 a
2228 1395 2365 1448 mea

313 1477 588 1536 editione
633 1477 958 1553 discrepat,
1014 1478 1334 1555 diligenter
1376 1479 1610 1550 notavi,
1670 1479 1808 1553 post
1854 1477 2092 1556 singula
2137 1478 2363 1536 scholia

325 1585 571 1625 numero
638 1567 848 1625 scholii
909 1567 1066 1641 quod
1123 1569 1187 1624 in
1244 1566 1445 1626 codice
1507 1568 1778 1641 sequitur
1836 1566 2055 1625 litteris
2112 1566 2362 1626 minutis

329 1673 620 1731 expresso.
703 1655 786 1714 Et
829 1656 942 1714 hoc
989 1655 1226 1730 quidem
1270 1655 1405 1714 ideo
1450 1655 1782 1714 necessario
1829 1655 2168 1714 faciendum
2214 1658 2363 1731 erat,

331 1744 490 1819 quod
538 1743 589 1802 si
634 1743 777 1802 ordo
835 1745 1192 1803 scholiorum
1245 1744 1586 1822 ignoratur,
1645 1743 1871 1803 multae
1928 1743 2361 1821 discrepantiae

329 1835 398 1890 in·
430 1833 728 1892 lemmatis
764 1833 996 1908 positae
1040 1836 1201 1892 recte
1235 1833 1511 1910 intellegi
1546 1852 1665 1891 non
1702 1835 1977 1909 possunt3
2026 1835 2128 1892 sed
2164 1835 2360 1893 nescio

329 1943 406 1982 an
453 1921 636 1981 etiam
681 1922 1132 1998 dispositionem
1170 1925 1456 1998 cuiusque
1504 1921 1723 1982 codicis
1759 1921 1987 1981 tabella
2032 1923 2363 1999 composita

325 2012 627 2071 illustrare
693 2012 1014 2070 debuerim.
1120 2012 1192 2070 In
1255 2012 1637 2088 disponendis
1702 2012 1941 2071 scholiis
2002 2030 2361 2091 magnopere

327 2101 610 2160 differunt
670 2101 915 2159 codices
1004 2101 1253 2161 Scilicet
1315 2101 1627 2177 archetypi
1690 2100 1959 2159 codicum
2022 2098 2361 2159 noStrorum

327 2191 591 2250 eiusdem
630 2191 868 2269 generis
905 2191 1147 2249 fuerunt
1183 2192 1351 2249 cuius
1399 2191 1738 2250 etiamnunc
1780 2192 1923 2248 sunt
1960 2190 2187 2249 codices
2224 2190 2357 2249 Ari-

326 2282 638 2357 stophanis
675 2284 736 2339 et
762 2279 1010 2340 Homeri
1036 2279 1366 2339 Pindaricis
1394 2278 1669 2355 pluribus
1708 2279 1957 2337 saeculis
1986 2281 2359 2355 vetustioreS,

309 2372 431 2444 qui
475 2370 700 2429 scholia
749 2370 870 2428 alia
914 2370 979 2427 in
1015 2369 1282 2447 margine
1319 2370 1609 2427 exteriore
1656 2368 1897 2442 scripta,
1945 2366 2063 2425 alia
2100 2367 2167 2424 in
2202 2386 2358 2426 mar-

325 2461 462 2535 gine
518 2460 819 2533 superiore
873 2458 970 2516 vel
1023 2458 1301 2516 inferiore
1357 2457 1591 2532 addita,
1655 2458 1881 2534 glossas
1945 2456 2145 2513 autem
2198 2456 2359 2514 inter

324 2547 486 2622 ipsos
531 2564 736 2605 versus
782 2548 1036 2605 insertas
1081 2547 1319 2605 habent.
1412 2545 1496 2605 At
1539 2548 1604 2604 in
1658 2546 1733 2603 iis
1793 2542 2091 2602 codicibus
2138 2542 2356 2603 Pinda-

309 2636 463 2703 ricis
528 2635 742 2710 quibus
805 2653 914 2693 nos
981 2638 1207 2693 utimur
1267 2636 1417 2695 haec
1488 2637 1688 2693 omnia
1750 2635 1813 2690 in
1882 2652 2066 2689 unum
2140 2652 2355 2708 corpus

327 2724 684 2783 scholiorum
728 2724 1150 2801 marginalium
1197 2724 1455 2783 conflata
1492 2727 1632 2783 sunt
1677 2714 1845 2803 (nam
1891 2722 2124 2799 glossae
2168 2724 2355 2781 inter-

325 2814 578 2871 lineares
635 2831 836 2871 omnes
900 2814 1022 2873 fere
1076 2816 1315 2889 praeter
1378 2813 1596 2871 codicis
1652 2812 1703 2869 B
1758 2812 2113 2871 recentiores
2169 2806 2355 2893 sunt).

325 2901 411 2959 Ut
471 2904 536 2959 in
579 2899 1150 2978 Olympionicarum
1211 2904 1407 2979 prima
1465 2902 1521 2960 A
1578 2905 1716 2979 post
1780 2901 2006 2959 scholia
2068 2902 2356 2977 cuiusque

312 2991 584 3076 ,paginae
632 2991 937 3067 archetypi
983 2992 1209 3069 glossas
1257 2985 1543 3051 eiusdem
1562 2993 1721 3051 iusto
1770 2990 1971 3049 ordine
2019 2990 2355 3065 collocavit,

311 3081 391 3159 ⁴in
429 3082 637 3138 ceteris
675 3080 1032 3143 carminibus
1062 3081 1288 3157 glossas
1317 3080 1556 3139 scholiis
1585 3081 1707 3138 fere
1742 3081 2119 3137 intermixtas
2156 3080 2355 3143 habet.

327 3168 494 3227 Inter
528 3169 852 3228 Vaticanos
889 3173 1126 3255 praeter
1163 3172 1386 3228 ceteros
1424 3170 1474 3227 E
1514 3170 1771 3245 vestigia
1807 3169 2091 3268 antiquae
2129 3169 2356 3241 formae

317 3246 608 3335 servavit,
651 3258 869 3333 reliqui
914 3250 1179 3317 diversae
1226 3259 1475 3335 originis
1522 3258 1747 3316 scholia
1793 3258 1927 3333 plus
1972 3258 2241 3316 minusve
2289 3258 2355 3315 in

331 3302 608 3405 ordinem
641 3347 1009 3423 redegerunt.
1084 3346 1296 3421 Itaque
1337 3347 1549 3405 ordine
1596 3347 1956 3405 scholiorum
2002 3348 2063 3404 et
2107 3346 2352 3403 lemma·-

329 3436 460 3491 tum
495 3437 726 3494 ratione
764 3436 1081 3512 diligenter
1109 3435 1437 3495 observatis
1474 3437 1678 3493 vetera
1715 3435 1941 3493 scholia
1975 3434 2355 3510 marginalia,

313 3524 480 3597 'quae
526 3525 803 3583 lemmate
853 3526 1182 3599 antiquitus
1228 3524 1453 3581 tradito
1498 3522 1847 3599 plerumque
1890 3524 2151 3601 insignia
2196 3527 2353 3601 sunt,
