2646 3882
965 243 1186 314 Olymp.
1216 244 1294 298 VI
1334 250 1611 300 145—148
2178 244 2303 310 187

285 420 404 472 τῶν
447 421 710 489 ποιητῶν
755 410 1177 493 ἀγωνιζόμενοι
1220 410 1487 491 ἐποίουν,
1533 405 1614 472 δι’
1655 410 1881 473 ἑαυτῶν
1928 412 2307 486 διδάσκοντες

285 500 427 573 τοὺς
471 502 700 581 χορούς.
793 499 1158 581 ἀπέστρεψεν
1205 492 1318 561 οὖν
1362 500 1467 562 τὸν
1510 500 1689 582 λόγον
1736 498 1768 562 6
1806 501 2114 582 Πίνδαρος
2158 502 2305 583 πρὸς

280 589 384 651 τὸν
431 588 658 649 Αἰνέαν
703 587 911 670 λέγων·
967 590 1353 669 παρόρμησον
1406 599 1551 669 νῦν,
1605 583 1653 650 ὦ
1698 589 1917 669 Αἰνέα,
1970 591 2109 663 τοὺς
2153 589 2307 651 ἑταί-

282 701 428 755 ρους
461 678 601 751 τοὺς
637 676 704 739 ἐν
739 684 820 762 τῷ
857 684 1031 764 χορῷ,
1067 678 1212 740 ὥστε
1247 678 1511 759 ὑμνῆσαι
1545 688 1782 760 πρῶτον
1819 676 1926 757 μὲν
1952 678 2064 757 τὴν
2083 676 2305 759 “Ηραν·

211 790 254 830 ’6
283 766 478 828 ἔπειτα
524 764 589 827 δὲ
632 767 917 848 γνωρίσαι
961 772 1084 839 τοῖς
1124 767 1321 848 λόγοις
1356 768 1611 845 ποίησον
1648 767 1887 846 αὐτοὺς,
1933 768 1988 828 εί
2019 766 2168 828 κατὰ
2203 767 2309 829 τὸν

283 854 485 935 ἀληθῆ
530 855 708 937 λόγον
752 854 1120 938 ἐκφεύγομεν
1165 856 1230 917 τὸ
1277 854 1506 928 ὄνειδος
1541 865 1660 917 τῶν
1695 860 1972 918 Βοιωτῶν
2013 850 2023 938 Ι
2062 856 2162 917 καὶ
2197 855 2307 935 τὴν
2336 874 2500 930 aceo

281 944 609 1026 παροιμίαν
661 944 773 1023 τὴν
827 943 1148 1026 λεγομένην
1191 946 1445 1006 Βοιωτία
1492 938 1580 1017 ὗς.
1715 947 1771 1005 b.
1815 942 1855 1024 ἡ
1905 943 1969 1006 δὲ
2021 948 2307 1027 παροιμία

283 1032 590 1095 ἐντεῦθεν·
623 1029 886 1113 Ὕαντες,
931 1033 1112 1106 ἔθνος
1157 1034 1463 1115 βάρβαρον
1498 1032 1763 1115 ἀρχαῖον,
1806 1031 2157 1117 κατῴκησαν
2198 1033 2308 1112 τὴν

285 1123 576 1183 Βοιωτίαν
593 1138 608 1151 ·
656 1122 933 1195 οὕστινας
975 1122 1040 1183 ἐκ
1086 1129 1488 1203 παραφθορᾶς
1532 1132 1638 1185 τοῦ
1680 1120 1987 1202 ὀνόματος,
2033 1122 2166 1184 ἀντὶ
2201 1132 2307 1184 τοῦ

201 1208 523 1284 ιοἽάντας
576 1209 793 1292 λέγειν,
833 1200 936 1284 ²2}
980 1210 1254 1273 ἐκάλουν·
1313 1210 1457 1272 ὥστε
1502 1212 1602 1272 καὶ
1644 1217 1770 1285 τοῖς
1816 1212 2059 1293 ὕστερον
2106 1212 2307 1273 διαδο-

282 1306 473 1379 θῆναι
526 1299 636 1378 τὴν
682 1298 837 1373 λέξιν
883 1298 980 1361 ἐπὶ
1023 1308 1143 1361 τῶν
1188 1304 1468 1361 Βοιωτῶν
1520 1299 1619 1361 καὶ
1665 1301 1874 1362 λοιπὸν
1918 1306 2308 1379 νομισθῆναι,

285 1382 417 1472 {du}
462 1388 688 1467 πολλὴν
733 1388 979 1469 ἀλογίαν
1023 1388 1123 1449 καὶ
1179 1387 1487 1470 ἀγροικίαν
1532 1390 1720 1462 οὕτως
1773 1388 1833 1464 ἐξ
1881 1387 2127 1469 ἀρχαίου
2173 1389 2280 1450 αὐ-
2310 1407 2520 1462 Bouto

281 1478 421 1551 τοὺς
464 1482 810 1557 κεκλῆσθαι,
855 1479 996 1550 τούς
1041 1500 1100 1539 τε
1155 1476 1562 1558 βουλομένους
1616 1478 1699 1550 εἰς
1748 1476 2139 1539 ἀπαιδευσίαν
2184 1476 2309 1551 ἐπι-

282 1568 569 1629 σκώπτειν
614 1566 802 1645 τινὰς,
846 1576 1018 1628 τοῦτο
1065 1566 1276 1648 λέγειν·
1326 1568 1580 1629 Βοιωτία
1624 1560 1711 1639 ὗς.
1850 1587 1897 1627 ο.
1946 1564 1978 1628 6
2026 1564 2089 1628 δὲ
2135 1577 2307 1641 νοῦς·
2337 1584 2503 1640 Boeo

202 1678 256 1721 1⁸
284 1656 624 1738 παρόξυνον
670 1654 767 1717 ἐπὶ
810 1665 916 1717 τοῦ
961 1656 1253 1737 παρόντος
1297 1656 1437 1729 τοὺς
1473 1655 1771 1736 χορευτὰς,
1816 1650 1863 1717 ὦ
1901 1656 2107 1736 Αἰνέα,
2152 1666 2311 1737 πρῶ-

283 1768 387 1807 τον
435 1742 543 1824 μὲν
589 1744 698 1823 τὴν
727 1741 924 1825 ’Ήραν
979 1743 1088 1823 τὴν
1148 1742 1214 1805 ἐν
1267 1751 1349 1829 τῷ
1401 1746 1725 1829 Παρθενίῳ
1783 1743 1904 1824 ὄρει
1959 1746 2311 1826 Παρθενίαν

284 1832 643 1913 ἀνυμνῆσαι,
688 1832 788 1894 καὶ
831 1843 1057 1915 γνῶναι
1103 1831 1353 1912 ἀληθέσι
1397 1834 1593 1915 λόγοις
1648 1833 1748 1894 διὰ
1793 1844 1900 1896 τοῦ
1940 1834 2135 1914 ὕμνου
2180 1835 2310 1895 ποί-

427 2064 461 2113 8
501 2059 614 2113 sch.
645 2058 750 2182 Αρ.
779 2058 888 2112 Rh.
911 2064 959 2124 3,
985 2064 1137 2112 1242.
1157 2091 1230 2098 —
1255 2059 1452 2128 Apost.
1474 2065 1523 2125 ὃ,
1548 2067 1629 2113 11.
1669 2058 1897 2113 Tzetzes
1926 2058 2000 2112 ad
2028 2058 2156 2128 Lyn.
2179 2064 2308 2112 433:

287 2130 450 2192 ἄλλος
487 2129 552 2184 δέ
584 2149 669 2190 τις
730 2128 982 2198 στορικός
1020 2147 1216 2198 φησιν·
1259 2127 1486 2191 Ὕαντες
1524 2130 2019 2201 ἔθνοςβάρβαρον
2056 2129 2156 2192 τὰς
2198 2128 2311 2196 Θή-

287 2203 394 2272 βας
436 2199 795 2271 παρῴκησαν.
871 2199 926 2254 οἱ
972 2199 1034 2255 δὲ
1082 2200 1301 2254 ἰδιῶται
1357 2200 1502 2255 κατὰ
1551 2200 1873 2270 ἰδιωτισμὸν
1919 2199 2311 2288 παραφθορὰν

284 2280 387 2326 τοῦ
427 2270 703 2338 ὀνόματος
738 2269 1025 2340 ἐποίησαν,
1062 2272 1190 2325 ἀντὶ
1225 2280 1327 2325 τοῦ
1365 2273 1544 2326 εἰπεῖν
1560 2268 1693 2334 ‘Tac
1729 2273 1995 2334 Βοιώτιος
2040 2275 2111 2335 Τς
2139 2273 2312 2325 Βοιώ·-
2396 2286 2411 2304 ·

285 2362 406 2404 τιος
443 2340 709 2411 λέγοντες.
786 2340 1056 2412 μέμνηται
1102 2342 1165 2397 δὲ
1201 2351 1300 2397 τοῦ
1342 2342 1549 2404 ἔθνους
1592 2342 1797 2397 τούτου
1834 2343 1932 2396 καὶ
1972 2343 2243 2413 Φρύνιχος
2280 2341 2310 2396 6

284 2413 550 2484 τραγικὸς
587 2414 648 2469 ἐν
685 2411 927 2482 δράματι
964 2412 1349 2482 ΙΠευρωνίαις
1383 2413 1557 2483 λέγων
1595 2412 1682 2482 (fr.
1714 2419 1745 2466 5
1781 2432 1836 2483 p.
1871 2412 2107 2484 721Ν.)·

560 2498 805 2626 μεᾶτρατός
840 2498 970 2592 ιποτ’
1004 2502 1084 2564 εἰς
1118 2510 1226 2573 γῆν
1260 2499 1423 2627 τότιὶνθ
1459 2499 1958 2627 ἐπεῖτάρώσφαζποδί

572 2580 1068 2699 πῖἐέῗςὸὲἶιέῗῖα
1082 2582 1552 2713 νῖξῗνπαὲἔεῖἶῗὲι
1582 2593 1776 2698 ἵηίεκα

573 2717 744 2770 ὠκεῖα
780 2714 1014 2784 μάργοις
1050 2716 1189 2784 φλὸξ
1227 2713 1492 2772 ἐδαίνυτο
1530 2714 1791 2785 γνάθοις.

433 2918 460 2965 1
500 2917 753 2967 τῶν-2
791 2911 1015 2982 χοροὺς]
1052 2910 1158 2965 lac.
1201 2911 1238 2966 G
1385 2915 1417 2963 3
1454 2910 1633 2966 Αἰνέα
1671 2912 1760 2966 ΒΕ
1788 2913 1807 2980 Η
1836 2919 1942 2965 νῦν
1981 2911 2099 2967 Bss:
2139 2907 2241 2965 οὖν
2274 2914 2311 2967 D

285 3002 393 3038 om.
436 2982 526 3039 GE
671 2988 705 3035 4
744 2979 901 3052 ὥστε]
941 2978 1030 3037 ὅτε
1070 2984 1106 3037 Ε
1144 2985 1165 3052 ΙΙ
1204 2990 1427 3049 πρῶτον
1463 2981 1565 3052 μὲν
1605 2984 1719 3037 BE:
1760 2981 1861 3052 μὲν
1900 2982 1989 3037 GD
2028 2982 2129 3050 μὲν
2164 2991 2314 3049 πρῶ-

285 3075 386 3109 τον
425 3055 466 3111 0.
609 3058 642 3106 5
679 3062 797 3115 τοῖς
831 3055 1048 3116 λοιποῖς
1086 3053 1122 3110 0
1288 3058 1319 3105 6
1361 3053 1699 3123 ἐκφεύξομεν
1739 3056 1776 3109 D
1823 3055 1842 3122 ΙΙ
1886 3052 1949 3107 τὸ
1989 3069 2094 3106 om.
2137 3054 2172 3106 Ε

286 3131 320 3180 8
359 3126 610 3181 ἐνταῦθα
651 3127 686 3180 Ε
714 3127 732 3194 ΙΙ
761 3121 977 3192 ἱστορία
1015 3127 1148 3178 ante
1171 3120 1400 3188 Ὕαντες
1436 3124 1565 3178 add.
1606 3125 1647 3181 ss
1768 3129 1944 3178 8—14
1982 3123 2079 3178 cfr.
2119 3122 2311 3176 Thom.

288 3202 409 3263 233,
432 3203 497 3251 19
655 3202 686 3249 9
727 3193 988 3258 οὕστινας
1027 3196 1202 3252 ΒΕὓε
1251 3194 1352 3258 οὓς
1389 3196 1425 3250 G
1483 3192 1582 3258 οὕς
1615 3215 1763 3257 τινες
1802 3197 1878 3250 hb
1927 3211 2034 3248 om.
2074 3195 2266 3263 Apost.
2294 3194 2315 3265 ΙΙ

289 3271 679 3336 παραφθορᾶς
717 3265 832 3322 Bo:
871 3275 1180 3335 παραωρᾶς
1219 3269 1302 3322 Ε·“’
1341 3275 1549 3335 -φορᾶς
1588 3269 1674 3321 ΕΡΘ
1720 3274 2037 3334 περιφορᾶς
2076 3265 2115 3321 ss
2151 3284 2314 3334 μετα-

289 3347 474 3408 φορᾶς
507 3339 703 3408 Apost.
853 3343 918 3392 10
947 3335 1188 3402 Τῗαντας
1227 3339 1263 3392 Ε
1290 3339 1308 3406 ΙΙ
1340 3337 1607 3392 ἐκάλεσαν
1644 3338 1840 3406 Apost.
1981 3341 2062 3390 10.
2088 3342 2151 3389 11
2190 3339 2314 3390 δια-

287 3411 541 3478 δοθῆναι
604 3408 786 3477 δήμου
824 3409 1073 3478 δοθῆναι
1113 3411 1150 3465 Ε
1326 3413 1392 3462 12
1429 3408 1663 3479 πολλὴν]
1698 3407 1907 3477 πολλὴν
1942 3414 2081 3477 γοῦν
2120 3408 2157 3461 D
2212 3404 2315 3472 τὴν

287 3481 498 3550 πολλὴν
577 3482 719 3550 post.
749 3482 768 3549 ΙΙ
797 3479 972 3542 οὕτως
1007 3496 1113 3534 om.
1147 3483 1184 3536 D
1300 3485 1472 3533 1213
1512 3480 1718 3542 αὐτοὺς
1754 3496 1861 3533 om.
1894 3481 1931 3534 D
2049 3480 2116 3529 14
2150 3482 2313 3527 τοῦτο

287 3550 494 3622 λέγειν]
533 3551 590 3616 ἐξ
627 3546 694 3605 οὗ
731 3552 830 3605 καὶ
860 3554 897 3607 D
1046 3558 1111 3606 14
1132 3569 1252 3620 sqq.
1290 3566 1393 3619 pro
1432 3550 1547 3604 sch.
1580 3553 1705 3604 148⁰
1742 3547 1987 3603 σκυτάλα
2022 3541 2314 3611 ὑποφήτης

292 3624 393 3678 καὶ
427 3620 638 3689 τρόπον
673 3621 804 3675 τινὰ
841 3630 1120 3692 σκῆπτρον
1155 3622 1290 3692 τῶ[ν
1328 3621 1603 3691 Μουσῶν]
1645 3621 1681 3675 G
