2646 3882
308 188 439 252 338
1204 188 1427 243 Scholia.

108 372 283 429 1111εο
307 355 667 437 γεγηρακότι.
715 375 843 419 ιοιε
996 378 1041 417 ο.
1090 354 1123 417 6
1170 354 1233 417 δὲ
1282 352 1470 429 νοῦς·’
1499 356 1654 417 οὕτω
1697 354 1765 417 δέ
1808 373 1903 416 σοι
1937 354 2193 416 ποθεινὰ
2229 354 2335 415 καὶ

304 442 453 523 ἡδέα
516 444 705 523 ἔσται,
768 444 960 526 ὥσπερ
1005 468 1092 519 τις
1143 446 1388 527 γνήσιος
1433 450 1575 517 παῖς
1627 443 1693 505 ἐκ
1737 445 1993 523 νομίμης
2045 442 2334 525 γυναικὸς

98 550 313 607 tento
341 532 515 615 ’πατρὶ
556 528 563 615 Ι
602 536 889 609 ποθεινὸς
936 532 1137 615 ὁρᾶται
1183 534 1269 607 εἰς
1313 534 1379 596 τὸ
1425 532 1718 595 ἀνάπαλιν
1763 542 1867 612 τῆς
1921 533 2194 611 νεότητος
2238 530 2332 593 έλ-

110 639 282 695 Βοεο
310 622 512 685 θόντι·
568 622 853 703 τουτέστι,
914 623 1251 705 γηράσαντι.
1292 617 1303 705 Ι
1343 624 1504 684 πάνυ
1567 646 1628 684 τε
1681 632 1786 683 τοῦ
1841 620 2054 683 ἑαυτοῦ
2109 621 2330 701 πατρὸς

306 712 411 773 τὸν
458 721 610 773 νοῦν
655 711 911 790 έκπυροῖ
937 711 1085 787 πρὸς
1122 710 1225 773 τὸν
1262 712 1462 774 πόθον
1499 710 1910 792 κεχαρισμένος
1947 710 2328 789 φαινόμενος.
2391 734 2421 773 r>

308 801 466 861 διατί
523 798 585 862 δὲ
650 800 681 861 ὁ
742 808 884 876 παῖς
950 801 1237 873 ποθεινός
1298 799 1418 887 ἐστι
1476 808 1758 883 γηρῶντις
1823 798 2055 877 ἐπειδή,
2116 818 2330 877 φησιν,

306 886 345 967 ἡ
392 893 703 971 περιουσία
754 890 853 952 καὶ
910 888 943 951 6
996 895 1248 963 πλοῦτος
1302 888 1558 971 άρχοντα
1614 888 1713 951 καὶ
1767 889 2058 966 δεσπότην
2113 886 2332 949 ἑαυτοῦ

307 977 501 1059 λαχὼν
559 976 863 1061 ἀλλότριον
932 988 1036 1041 τοῦ
1095 976 1306 1060 γένους
1364 978 1465 1040 καὶ
1523 975 1748 1053 ἔξωθέν
1810 1000 1940 1037 τινα
1998 974 2331 1057 ἐπαχθέντα

156 1084 279 1140 τεο
308 1067 707 1150 λυπηρότατός
775 1066 895 1129 ἔστι
963 1074 1043 1154 τῷ
1106 1066 1572 1145 ἀποθνήσκοντι.
1727 1068 1782 1126 d.
1845 1066 1909 1126 τὸ
1971 1064 2034 1126 δὲ
2093 1066 2329 1127 ἵκοντι

309 1156 674 1235 νεότατος,
718 1157 804 1230 εἰς
840 1156 904 1218 τὸ
943 1156 1191 1236 ἔμπαλιν
1228 1165 1336 1235 τῆς
1369 1156 1665 1235 νεότητος,
1709 1154 1774 1216 τὸ
1809 1165 2007 1236 γῆρας.
2145 1176 2193 1215 e.
2242 1155 2330 1227 εἰς
2359 1178 2418 1218 ιο

306 1245 371 1305 τὸ
430 1254 615 1327 γῆρας
672 1243 789 1324 ἤδη
850 1244 1193 1324 ἐληλυθότι,
1250 1240 1396 1305 καθ’
1439 1241 1512 1307 ὃν
1569 1243 1778 1324 καιρὸν
1833 1244 1945 1305 οὐκ
1998 1242 2154 1305 ἔστιν
2199 1238 2329 1317 οἶος

302 1331 443 1394 ἄλλο
488 1344 782 1414 γεννῆσαι.

245 1441 278 1483 Α
444 1426 569 1483 104
592 1444 646 1483 a.
704 1420 1132 1502 τοῦμπαλινε
1178 1423 1262 1495 εἰς
1307 1422 1372 1484 τὸ
1419 1420 1690 1483 ἐναντίον
1744 1431 1849 1501 τῆς
1905 1421 2192 1498 νεότητος.

301 1512 356 1571 b.
406 1510 661 1572 τουτέστι
710 1512 1063 1592 γεγηρακώς.
1205 1531 1252 1571 ο.
1308 1512 1714 1592 θερμαίνειε
1771 1508 1803 1571 6
1847 1509 2166 1591 γεννηθεὶς
2217 1520 2327 1571 τοῦ

301 1598 523 1680 πατρὸς
566 1600 782 1661 θάλπει
826 1600 928 1661 τὸν
972 1610 1141 1661 νοῦν.
2357 1621 2413 1662 15

78 1705 293 1761 anuto
365 1722 369 1726 ·
446 1690 569 1749 106
596 1709 678 1749 ει..4
722 1687 879 1750 ἐπεῖ
931 1694 1262 1762 πλοῦτοςε
1331 1698 1504 1751 τοῦτο
1564 1688 1627 1749 ἐν
1685 1694 1766 1773 τῷ
1824 1690 2090 1751 καθόλου
2148 1684 2326 1770 λέγει·

298 1775 425 1837 ἐπεὶ
483 1781 739 1851 πλοῦτος
795 1776 826 1838 6
882 1776 1135 1839 ἐπακτὸν
1191 1775 1380 1859 λαχὼν
1435 1776 1691 1857 ποιμένα
1744 1777 1849 1840 τὸν
1905 1777 2326 1855 διαδεξάμενον

300 1871 381 1950 τῷ
436 1866 812 1927 καταλιπόντι
866 1866 965 1929 καὶ
1020 1865 1470 1946 ἀποθνήσκοντι
1525 1866 1801 1948 στυγερός
1854 1865 2026 1927 ἐστιν.
2113 1863 2326 1927 διὰδὲ

299 1955 515 2017 τούτου
572 1957 849 2036 σημαίνει
913 1956 1003 2018 ὅτι
1056 1955 1160 2017 έάν
1223 1980 1310 2029 τις
1365 1956 1511 2038 ἔχων
1567 1961 1826 2019 πλοῦτον
1879 1954 2121 2028 ἄτεκνος
2177 1954 2326 2016 ἀπο-

299 2043 541 2130 θνήσκῃ
598 2045 877 2127 διάδοχον
944 2045 1024 2125 μὴ
1080 2044 1446 2124 καταλιπὼν,
1508 2044 1812 2118 έπώδυνος
1871 2044 2031 2128 αὐτῷ
2085 2046 2323 2124 γίνεται·
2354 2066 2412 2106 26

80 2151 303 2208 neoto
392 2135 447 2192 b.
494 2131 704 2206 ἄλλως*
752 2134 855 2196 τὸν
900 2135 981 2213 μὴ
1027 2132 1170 2195 κατὰ
1216 2134 1388 2216 γένος
1427 2134 1736 2214 διάδοχον·
1783 2134 1943 2214 παρὰ
1987 2132 2054 2194 τὸ
2083 2130 2324 2213 Ὁμηρι-

296 2222 408 2284 κόν
464 2220 547 2300 (Ε
587 2216 769 2306 158)·
833 2222 1124 2306 χηρωσταὶ
1181 2221 1243 2284 δὲ
1301 2222 1398 2284 διὰ
1461 2233 1668 2303 κτῆσιν
1723 2222 2043 2284 δατέονται.
2135 2219 2323 2284 τὸδὲ

444 2433 472 2482 1
513 2428 542 2482 ’ὁ
582 2427 645 2484 δὲ
682 2437 817 2491 νοῦς
845 2431 965 2485 BD:
1002 2426 1343 2491 ποθεινὸς”
1311 2448 1489 2482 ικοντι
1521 2429 1610 2485 ΕΠ
1718 2433 1748 2482 2
1789 2427 1943 2483 ἔσται
1971 2428 2137 2484 BER:
2169 2427 2321 2481 ἔσται

186 2525 201 2546 .-
298 2500 368 2553 v&
396 2498 543 2569 μέλη,
574 2500 747 2568 φησὶν
768 2502 849 2555 Βν
951 2506 982 2554 3
1010 2501 1283 2561 ποθεινὸς
1307 2500 1480 2566 πατρὶ
1510 2502 1545 2554 Ε
1565 2501 1583 2571 Η
1601 2498 1802 2567 ὁρᾶται
1830 2517 1935 2555 om.
1959 2500 2000 2556 (1
2087 2506 2122 2554 4
2151 2498 2323 2568 rned-

299 2589 501 2633 σαντος
528 2572 568 2625 Β
594 2577 613 2638 ΙΙ
640 2591 698 2625 τε
726 2587 857 2641 ego:
888 2591 949 2641 γε
980 2570 1066 2626 ΟΕ
1122 2588 1181 2626 σε
1210 2571 1301 2628 Gss
1339 2588 1445 2624 om.
1479 2573 1561 2627 Βν
1607 2570 1712 2640 γὰρ
1745 2572 1776 2625 h
1886 2576 1918 2624 5
1956 2569 2222 2640 ἐκπληροῖ
2249 2570 2322 2662 ΕΗ

298 2640 703 2711 κεχαρισμένως
741 2645 772 2696 h
954 2647 985 2694 6
1024 2644 1155 2695 ante
1192 2639 1346 2696 διατί
1387 2657 1598 2710 praem.
1607 2592 1760 2696 γέπεὶ
1795 2644 2032 2704 πλοῦτος
2068 2641 2098 2696 6
2135 2641 2321 2712 λαχών

300 2714 383 2766 Βν
411 2715 429 2780 ΙΙ
456 2721 694 2782 γηρῶντι
724 2712 839 2768 Bc:
879 2721 1117 2782 γηρῶντι
1152 2711 1296 2782 λέγει
1327 2714 1363 2767 Ε
1409 2733 1457 2782 γ.
1486 2711 1702 2782 λέγεται
1730 2712 1788 2780 (1,
1823 2715 1932 2782 trp.
1970 2712 2001 2768 6
2030 2719 2168 2776 παῖς
2193 2714 2324 2781 post

295 2780 507 2853 λέγεται
655 2788 685 2836 9
710 2786 833 2837 λυπ
871 2781 1107 2851 ρότατον
1143 2784 1184 2840 ss
1221 2785 1241 2854 ss
1284 2784 1432 2837 τὸ-
1462 2789 1526 2837 11
1565 2781 1880 2854 ἐληλυθότι]
1929 2784 2193 2846 νεότατος
2223 2783 2322 2851 ...gu

294 2857 485 2921 παλιν,
521 2853 641 2921 ἤτοι
678 2859 755 2924 τῷ
792 2805 937 2929 γέρα
974 2855 1013 2910 G
1124 2860 1189 2908 10
1226 2853 1447 2910 νεότατι
1476 2857 1601 2924 (pr.)
1633 2854 1720 2910 ΕΠ
1829 2861 1997 2909 10.11
2027 2855 2089 2909 τὸ
2127 2862 2317 2924 γῆρας.

296 2925 380 2986 εἰς
414 2925 477 2979 τὸ
514 2933 689 2996 γῆρας
718 2909 779 2980 'Ex
816 2935 917 2980 τοῦ
954 2947 1023 2996 γη
988 2925 1134 2994 ἥρως
1162 2926 1201 2982 ss
1312 2933 1376 2980 11
1417 2925 1751 2995 ἐληλυθότος
1778 2926 1819 2982 ss
1930 2932 1994 2980 15
2030 2925 2253 2980 θάλλειε
2285 2927 2318 2980 b

442 3002 508 3050 16
548 2997 668 3052 ἐπεὶ
702 2999 940 3060 πλοῦτος
975 2999 1047 3053 A:
1097 2997 1218 3052 ἐπεὶ
1254 3001 1341 3051 πλ.
1381 2994 1412 3050 6
1441 2997 1636 3068 λαχών
1674 2999 1713 3052 D
1771 2996 1890 3052 ἐπεὶ
1929 2997 2001 3069 (6)
2037 2999 2125 3051 πλ.
2153 2995 2188 3051 6
2211 2999 2319 3050 λα-

296 3068 411 3139 χὼν
445 3066 687 3138 ποιμένα
724 3067 967 3123 ἐπακτόν
999 3068 1087 3123 ΕΟ
1134 3067 1308 3132 ἄλλως
1347 3071 1428 3123 Βν
1457 3071 1474 3137 R
1499 3076 1664 3122 τοῦτο
1701 3085 1807 3122 om.
1839 3071 1878 3140 V
2007 3073 2070 3122 17
2109 3068 2231 3124 ἐπεὶ
2250 3099 2319 3108 -·-

294 3139 536 3208 ποιμένα
574 3137 1092 3209 01η.ΒΕΟΙΙπλ.ὁ
1130 3141 1248 3209 λαχ.
1286 3159 1441 3207 ποιμ.
1481 3138 1564 3192 ἐπ.
1607 3141 1688 3194 Βν
1796 3145 1861 3193 18
1899 3140 1996 3194 καὶ
2033 3141 2100 3195 A:
2141 3136 2172 3192 ὅ
2205 3138 2319 3192 ἐστι

295 3214 374 3282 τῷ
405 3213 439 3264 V
486 3213 504 3279 ΙΙ
549 3209 811 3278 στυγερός
847 3211 919 3264 A.
967 3211 1373 3280 στυγερώτατος
1418 3213 1551 3280 (-ον)
1593 3210 1735 3267 ΒΕΟ
1791 3211 2186 3281 στυγερώτερος
2223 3212 2260 3264 D

296 3265 409 3334 ἐστι
446 3283 514 3336 A:
553 3281 669 3335 ἐστι
713 3281 810 3334 καὶ
846 3281 1131 3348 ἀλλότριος
1168 3285 1302 3351 (-ον)
1343 3283 1380 3336 V
1563 3287 1626 3334 19
1672 3282 1873 3336 τουτου
1912 3284 1972 3335 V:
2018 3290 2182 3335 τοῦτο
2220 3213 2316 3407 ΑΛ

296 3351 395 3422 ἔχῃ
424 3353 484 3404 θΐ,
512 3356 594 3405 19.
616 3357 685 3405 20
714 3351 1095 3420 ἀποθνήσκων
1122 3353 1221 3406 καὶ
1247 3351 1495 3426 διαδόχῳ
1526 3354 1563 3407 V
1675 3357 1756 3406 19.
1779 3358 1847 3406 20
1876 3351 2274 3442 ἀποθν(ήσκῃ)

440 3428 507 3476 20
544 3422 863 3476 καταλιπὼν
901 3425 1091 3478 ADE⁸=
1129 3420 1406 3495 καταλίπῃ
1417 3374 1606 3480 ΖΒΕἯ
1645 3425 1665 3492 ΙΙ
1710 3423 2017 3512 ἐπώδυνος]
2057 3422 2319 3492 στυγερὸς

298 3491 387 3548 0²¹²
360 3492 437 3524 '²¹’
464 3493 545 3562 (in
580 3508 687 3548 ras,
700 3496 747 3563 ?)
790 3495 813 3563 n
856 3494 1004 3565 αὐτῷ
1043 3491 1255 3562 γίνεται
1294 3512 1400 3550 om.
1440 3496 1482 3550 A
1679 3500 1744 3548 21
1784 3493 2055 3564 διάδοχον
2096 3493 2314 3550 GDEss:

295 3562 567 3634 διάδοχον
605 3563 804 3634 ἔχοντα
843 3566 924 3620 Βν
1070 3571 1137 3618 22
1175 3564 1442 3621 δατέοντο
1479 3565 1638 3620 Hom.
