2646 3882
363 199 445 263 18
1257 201 1486 258 Scholia

359 363 502 428 ὄντα
545 371 668 440 τοῖς
713 365 895 449 ἀγῶσι
950 369 1422 450 παραλαμβάνει,
1474 363 1599 430 εἶτα
1649 369 1875 432 τούτων
1920 380 2037 433 τῶν
2084 375 2391 454 στοιχείων

357 453 800 537 χρειωδέστερον
835 456 899 520 τὸ
937 458 1099 538 ὕδωρ
1137 457 1552 536 ἀποδείκνυσι,
1597 467 1667 543 τῇ
1703 468 1822 520 τῶν
1858 461 2207 540 φιλοσόφων
2243 463 2388 526 ἑπό-

359 569 534 626 μενος
590 549 828 634 γνώμῃ,
893 550 952 608 οἳ
1005 547 1407 628 φυσικώτερον
1464 545 1813 625 κινηθέντες
1876 548 1941 610 ἐκ
1996 561 2100 612 τοῦ
2164 551 2388 627 ὕδατος

357 635 584 714 ἔφασαν
630 637 728 698 καὶ
764 637 834 699 τὰ
870 635 1016 697 ἄλλα
1059 637 1189 716 τρία
1233 641 1484 716 στοιχεῖα
1520 637 1928 698 συνίστασθαι.
2004 637 2235 721 λέγουσι
2270 639 2384 721 μὲν

355 724 466 807 γὰρ
524 725 707 788 αὐτοῦ
763 725 828 786 τὸ
874 722 1214 806 λεπτομερὲς
1272 723 1415 806 ἀέρα
1465 725 1769 804 γίνεσθαι,
1822 725 1886 786 τὸ
1944 723 2008 788 δὲ
2052 731 2384 809 παχύτερον
2434 753 2475 793 5

357 815 441 887 εἰς
487 813 658 877 ἑαυτὸ
695 815 1123 893 συνιστάμενον
1167 823 1308 894 γῆν·
1354 812 1673 876 ,ἀποτελεῖν
1718 811 1781 875 δὲ
1826 814 2382 897 ἀπολεπτυνόμενον

145 919 395 977 ueneno
423 903 526 965 τὸν
555 897 865 988 διΙάπυρον
891 901 1106 984 αἰθέρα
1131 912 1270 984 πῦρ.
1338 901 1435 963 διὰ
1471 912 1642 965 τοῦτο
1673 900 1914 983 ἄριστον
1938 898 2063 966 εἷπε
2090 906 2155 968 τὸ
2192 907 2381 988 ὕδωρ,

354 991 480 1054 ἐπεὶ
524 993 695 1054 δοκεῖ
730 1002 834 1072 τῆς
886 1001 1005 1054 τῶν
1063 989 1255 1052 ἄλλων
1310 989 1591 1073 γενέσεως
1648 991 1839 1053 αῆων
1896 986 2064 1054 εἶναι.
2155 993 2217 1056 τὸ
2261 996 2379 1078 γὰρ

352 1081 544 1144 αἴτιον
579 1090 697 1143 τῶν
735 1075 812 1142 δι’
853 1079 1068 1142 ἑαυτοῦ
1113 1077 1463 1162 γινομένων,
1506 1090 1678 1142 τοῦτο
1714 1078 1977 1162 προῦχον
2012 1093 2131 1144 τῶν
2164 1081 2377 1147 ἄλλων.

351 1169 500 1232 ἔνιοι
545 1168 610 1231 δὲ
654 1169 755 1231 καὶ
798 1179 970 1231 τοῦτο
1025 1167 1410 1250 προστιθέασι
1453 1166 1746 1249 λέγοντες,
1804 1167 1895 1231 ὅτι
1950 1170 2050 1232 καὶ
2097 1171 2245 1253 πρὸς
2302 1172 2377 1235 τὰ
2409 1196 2468 1236 ιο

353 1258 558 1339 λογικὰ
604 1258 703 1320 καὶ
745 1257 931 1340 ἄλογα
976 1260 1094 1342 ζῷα
1138 1256 1593 1342 ἀναγκαιότερόν
1634 1256 1757 1319 ἐστι
1790 1256 1854 1319 τὸ
1890 1259 2083 1342 ὕδωρ,
2130 1262 2379 1340 μάλιστα

350 1347 498 1428 πρὸς
555 1349 791 1420 θάλπος
807 1391 825 1425 ,
883 1346 982 1408 καὶ
1042 1347 1130 1408 ὅτι
1187 1345 1258 1408 τὰ
1317 1345 1477 1424 φυτὰ
1534 1345 1600 1407 ἔκ
1658 1356 1762 1408 τοῦ
1816 1347 2033 1421 ὕδατος
2085 1347 2375 1431 τρέφεται,

352 1433 521 1517 ἡμεῖς
581 1434 645 1497 δὲ
704 1434 767 1498 ἐκ
823 1445 940 1497 τῶν
995 1435 1339 1517 σπερμάτων
1395 1436 1610 1515 ζῶμεν,
1667 1433 1737 1496 τὰ
1802 1433 1866 1496 δὲ
1920 1435 2217 1518 σπέρματα
2260 1439 2375 1501 οὐκ

348 1522 536 1598 ἄλλως
596 1525 842 1586 δύναται
897 1526 1353 1610 ζῳογονηθῆναι
1406 1524 1461 1584 εἰ
1512 1523 1595 1603 μὴ
1641 1521 1756 1584 ἀπὸ
1802 1524 2037 1599 ὕδατος.
2131 1527 2368 1602 εἰκότως

137 1630 346 1687 actuo
374 1615 579 1675 τοίνυν
633 1606 643 1696 Ι
695 1613 760 1674 τὸ
817 1613 977 1695 ὕδωρ
1024 1614 1220 1692 μεῖζον
1274 1621 1393 1673 τῶν
1436 1609 1628 1674 ἄλλων
1683 1614 1995 1693 στοιχείων.
2092 1613 2247 1690 τινὲς
2300 1615 2367 1678 δὲ
2399 1639 2454 1680 15

345 1700 444 1763 καὶ
499 1700 562 1763 τὸ
614 1695 931 1782 Ὁμηρικὸν
982 1701 1549 1783 παραλαμβάνουσιν
1605 1695 1690 1784 (Ξ
1721 1696 1879 1785 201)
1895 1718 1909 1732 ·
1970 1697 2255 1767 Ὠκεανόν
2310 1729 2370 1768 τε

345 1796 509 1851 θεῶν
553 1788 782 1871 γένεσιν
827 1789 928 1850 καὶ
975 1787 1194 1871 μητέρα
1239 1791 1474 1868 Τηθύν.
1578 1790 1633 1850 εἰ
1674 1787 1738 1850 δὲ
1784 1788 1818 1850 ὁ
1860 1787 2143 1866 Ὠκεανὸς
2187 1816 2368 1856 ποτα-

348 1879 458 1959 μὸς
502 1877 598 1940 καὶ
645 1876 684 1959 ἡ
734 1878 944 1960 Τηθὺς
997 1877 1191 1961 πηγὴ,
1254 1875 1294 1959 ἡ
1358 1876 1419 1939 δὲ
1474 1887 1591 1939 τῶν
1646 1884 1810 1939 θεῶν
1865 1878 2088 1962 γένεσις
2140 1880 2205 1947 ἐκ
2262 1893 2368 1946 τοῦ

141 1985 337 2042 Memfi
350 1985 427 2042 110
449 1963 740 2031 Ὠκεανοῦ
775 1978 1070 2051 γεννᾶται,
1095 1967 1333 2041 εἰκότως
1369 1966 1469 2029 καὶ
1494 1966 1558 2029 τὸ
1595 1968 1755 2047 ’ὕδωρ
1796 1962 1806 2052 Ι
1845 1979 1963 2031 τῶν
1988 1968 2183 2033 ἄλλων
2208 1989 2365 2035 στοι-

343 2058 514 2138 χείων
585 2059 1020 2139 προτιμότερον.
1137 2055 1522 2137 ἀπεδείξαμεν
1594 2048 1705 2139 οὖν
1779 2057 1878 2118 διὰ
1950 2065 2182 2121 πολλῶν
2242 2071 2363 2123 τῶν
2394 2084 2453 2125 2⁰

343 2147 638 2229 τεσσάρων
702 2148 1000 2228 στοιχείων
1062 2146 1478 2227 προτιμότερον
1538 2144 1605 2207 τὸ
1667 2146 1854 2228 ὕδωρ·
1928 2147 2077 2229 πρὸς
2139 2151 2360 2230 ταύτην

485 2340 552 2390 10
588 2336 819 2390 Aristot.
856 2337 988 2389 met.
1029 2340 1078 2402 1,
1107 2339 1156 2388 3.
1230 2334 1470 2404 Doxogr.
1509 2346 1692 2404 graec.
1728 2352 1784 2403 p.
1816 2339 1901 2388 91.
1934 2340 2037 2390 170

483 2520 511 2566 1
542 2514 830 2585 περιλαμβ.
862 2514 898 2567 Ε
1034 2516 1065 2565 2
1103 2509 1527 2582 χρειωδέστερον
1556 2511 1675 2568 Αοε
1711 2532 1795 2603 χρ.
1825 2514 1924 2567 καὶ
1950 2511 2363 2581 διαπρεπέστα-

337 2603 436 2639 τον
491 2586 670 2652 (-ερον
723 2586 779 2653 Ε)
841 2585 860 2652 ΙΙ
921 2582 984 2637 τὸ
1035 2581 1186 2651 ὕδωρ
1244 2600 1349 2637 om.
1408 2584 1443 2638 Ε
1496 2586 1515 2653 ΙΙ
1567 2584 1934 2638 ἀποδεικνυσι
1988 2584 2104 2639 An:
2171 2602 2360 2653 παρα-

337 2652 606 2725 λαμβάνει
632 2656 651 2725 ΙΙ
679 2662 869 2723 σοφῶν
900 2656 936 2709 Ε
1053 2659 1084 2705 3
1124 2654 1503 2723 φυσικώτερον
1531 2653 1753 2725 Α[Ι)]οι
1792 2654 1985 2723 -τέρως
2021 2654 2058 2711 0
2122 2674 2287 2709 -τατα
2320 2659 2359 2714 Ε

339 2724 508 2798 -τάτφ
555 2726 592 2780 Β
655 2727 675 2794 fl
745 2723 1007 2793 κινήματι
1053 2722 1138 2849 ΞΟ]
1156 2725 1248 2781 00
1310 2722 1646 2795 κινηθέντος
1688 2725 1855 2779 Beck.
1940 2726 2049 2780 Sed
2092 2724 2190 2780 cfr.
2238 2726 2356 2783 soh.

335 2799 390 2849 ,Ω
429 2801 534 2849 735
572 2795 840 2850 ἐντεῦθεν
877 2799 1054 2866 κινηθ
1081 2815 1204 2858 ντες
1364 2801 1399 2847 4
1433 2794 1585 2867 τρία]
1622 2796 1693 2849 τὰ
1732 2798 1768 2851 Ε
1820 2800 1840 2866 ΙΙ
1892 2797 1995 2865 μὲν
2031 2797 2099 2852 A:
2136 2814 2244 2852 om.

336 2871 370 2920 4
391 2882 470 2934 sq.
507 2866 571 2921 τὸ
609 2867 710 2937 μὲν
745 2866 851 2937 γὰρ
879 2870 924 2920 λ.
955 2868 1130 2921 αὐτοῦ
1159 2864 1300 2935 ἀέρα
1328 2865 1547 2937 λέγουσι
1582 2864 1689 2937 γίν.
1726 2881 1759 2922 ν
1887 2874 1918 2921 6
1955 2876 2061 2938 γῆν
2084 2885 2193 2922 om.
2226 2870 2265 2925 Ε

338 2943 368 2990 7
405 2938 505 2993 τὸν
541 2940 592 2991 δ.
633 2938 755 2991 new.
794 2954 900 2991 om.
932 2937 969 2994 0
997 2940 1017 3007 ΙΙ
1051 2938 1187 3009 πῢρ]
1225 2936 1349 3005 ἤτοι
1382 2937 1446 2992 τὸ
1481 2946 1595 3007 πῦρ
1632 2938 1747 2992 sch.
1778 2936 1971 2993 Thom.
2002 2957 2057 3009 p.
2078 2945 2163 3006 52,
2184 2945 2217 2993 5
2244 2940 2354 2995 Ab.

334 3008 420 3062 Ft.
448 3017 562 3077 πῦρ
587 3008 809 3063 dolend.
900 3012 933 3061 8
970 3010 1222 3079 γνώσεως
1252 3011 1288 3064 Ε
1396 3016 1427 3062 9
1466 3008 1691 3081 ἑαυτοῦ]
1720 3009 1859 3063 αὐτὸ
1888 3010 1979 3065 Αο
2006 3013 2026 3079 ΙΙ
2050 3018 2215 3065 τοῦτο
2244 3029 2355 3066 om.

337 3080 417 3135 GV
443 3083 463 3150 ss
488 3088 599 3134 τῶν
637 3079 838 3152 ἄλλων]
878 3080 1025 3136 ἐστιν
1054 3080 1090 3135 0
1203 3085 1265 3132 11
1305 3078 1771 3169 ἀναγκαιότερον)
1810 3081 2227 3151 ἀναλογώτερον
2266 3082 2307 3138 ss

335 3147 450 3205 ἐστι
485 3150 602 3207 AG:
653 3146 800 3206 εἶναι
981 3157 1064 3205 11.
1098 3156 1161 3203 12
1209 3150 1443 3219 μάλιστα
1487 3152 1628 3219 πρὸς
1672 3155 1893 3216 θαλπος
1938 3166 2043 3206 om.
2092 3154 2131 3209 0
2176 3155 2197 3223 ΙΙ
2242 3150 2327 3207 ὅτι

332 3221 444 3348 Ξῗιῖ
471 3222 685 3349 t1³an¹3
699 3223 952 3348 ὑῗὸτὲἶᾞ
983 3222 1129 3348 ἄνευ
1160 3222 1252 3347 3511
1271 3223 1722 3350 ἴξινῗῖρῗᾞιῖ»
1737 3222 1987 3350 ζῗᾰῗῗνοξ
2054 3229 2175 3350 οὲΐ
2198 3224 2359 3349 ,ἷῖιῖε

335 3364 458 3419 cv(
495 3380 603 3419 om.
645 3365 841 3421 DEHss
893 3367 913 3433 ΙΙ
964 3366 1113 3426 τινὲς
1150 3364 1322 3420 ΕΗῦε
1360 3363 1502 3431 πρὸς
1539 3364 1682 3421 ΑοΙ(
1840 3370 1906 3418 18
1962 3366 2062 3419 καὶ
2096 3366 2131 3434 ἡ
2167 3365 2349 3435 μήτηρ

339 3439 398 3488 Τ.
439 3433 616 3507 ἤγουν
651 3434 687 3504 ἡ
726 3434 876 3505 πηγὴ
914 3451 946 3490 ν
1090 3441 1156 3489 19
1210 3436 1498 3506 γεννᾶται]
1536 3436 1684 3491 ἐστιν
1723 3435 1760 3492 0
1834 3433 2047 3504 γίνεται
2086 3440 2123 3491 Ι(
2178 3440 2196 3507 ΙΙ
2250 3439 2350 3491 καὶ

333 3521 438 3559 om.
479 3507 568 3563 οΕ
657 3511 725 3560 20
754 3503 1280 3576 ἀπεδείξαμεν-21
1311 3504 1708 3576 προτιμότερον
1736 3523 1840 3561 om.
1876 3508 1914 3561 D
1997 3510 2066 3559 20
2103 3507 2347 3561 emes.-

330 3595 384 3645 p.
418 3582 502 3644 19,
532 3583 561 3630 1
602 3575 981 3647 ἐπιτιμότερον
1019 3593 1125 3632 om.
1167 3577 1204 3634 0
