2646 3882
1063 240 1284 311 olymp.
1313 241 1391 294 IX
1430 248 1457 295 1
1473 273 1540 281 —
1554 247 1584 294 3
2203 241 2334 305 269

442 411 552 469 38.
597 408 1010 479 καλλίνικος
1039 405 1072 469 6
1099 407 1433 489 τριπλόος
1468 408 1851 488 κεχλαδώςε
1887 407 2012 488 τρὶς
2040 407 2306 486 ὑμνοῦν-
2338 427 2550 485 acuto

308 519 372 558 το
419 498 484 558 οἷ
521 495 863 579 νικηφόροι,
911 496 1034 576 ἅμα
1077 506 1148 582 τῇ
1207 498 1349 583 νίκῃ
1394 495 1494 558 καὶ
1541 495 1607 557 ἔν
1652 502 1731 581 τῷ
1773 499 2085 582 γυμνασίῳ
2128 496 2229 558 καὶ
2273 496 2339 559 ἐν

307 592 379 672 τῇ
425 586 677 666 πατρίδι.
823 587 878 646 b.
925 582 966 664 ἢ
1014 583 1046 647 6
1091 586 1372 659 πολλάκις
1425 584 1736 667 λεγόμενος
1790 595 1862 671 τῇ
1909 586 2066 670 νίκῃ.
2204 607 2250 647 ο.
2297 584 2338 667 ἦ

311 674 514 754 ἐπειδὴ
560 675 692 755 τρία
739 674 978 754 ἰαμβεῖἀ
1022 675 1187 737 εἰσιν.
1334 676 1389 735 d.
1435 672 1653 747 ἄλλως·
1701 674 2061 754 τριπλόος,
2108 672 2141 735 6
2184 676 2332 753 πλή-
2365 694 2532 751 aceo

253 787 280 827 ε
307 770 470 843 θων,
535 762 718 825 οἷονεὶ
781 763 1002 841 πλήθει
1077 763 1417 845 λεγόμενος,
1488 762 1607 825 ὑπὸ
1671 773 1777 825 τοῦ
1855 763 2131 841 πλήθους
2195 758 2338 848 ᾀδό-

307 875 502 931 μενος.
638 874 687 913 ο.
732 850 773 931 ἢ
820 850 851 913 6
890 851 1298 933 ἀβρυνόμενος
1334 851 1434 913 καὶ
1469 852 1752 926 πολλάκις
1788 846 2094 936 ᾇδόμενος.
2160 862 2333 914 τοῦτο

306 940 456 1023 λέγει
506 942 817 1022 κεχλαδώς.
971 943 1013 1001 f.
1065 940 1280 1014 ἄλλως·
1346 941 1711 1022 τριπλόοςε
1776 939 2186 1018 ἀκαταλλήλως
2248 948 2329 1026 τῷ

307 1028 479 1109 μέλος
535 1030 598 1091 τὸ
653 1030 926 1107 τριπλόος
981 1029 1273 1112 ἐπήγαγεν
1330 1028 1364 1091 6
1409 1030 1745 1111 Πίνδαρος,
1810 1027 2098 1115 οὐδετέρῳ
2154 1049 2337 1111 προσ-

306 1117 518 1193 πλέξας
561 1118 628 1181 τὸ
671 1117 1002 1200 ἀρσενικόν.
1095 1118 1241 1180 ἀλλὰ
1286 1117 1497 1201 ῥητέον
1551 1118 1700 1200 πρὸς
1754 1118 1864 1197 τὴν
1911 1119 2183 1181 διάνοιαν
2228 1119 2337 1181 αύ-

229 1231 282 1271 10
308 1207 413 1277 τὸν
457 1206 885 1287 ἀπηντηκέναι·
937 1202 1270 1289 Ἀρχιλόχου
1316 1206 1489 1287 μέλος
1536 1206 1567 1269 6
1614 1209 1832 1288 ὕμνος,
1891 1202 2015 1268 εἶτα
2070 1207 2257 1287 ὕμνος
2305 1206 2336 1269 6

309 1302 602 1378 τριπλοῦς.
738 1319 796 1377 g.
841 1297 1176 1378 τριπλόος
1213 1294 1277 1358 δὲ
1312 1294 1445 1375 ἤτοι
1482 1294 1513 1357 6
1551 1297 1674 1378 τρὶς
1710 1295 2094 1381 ἕπᾳδόμενος,
2139 1294 2178 1376 ἢ
2215 1297 2336 1375 τρί-
2368 1316 2488 1373 nto

309 1406 563 1467 στροφος
617 1384 703 1447 ὢν
755 1385 902 1447 κατὰ
952 1380 1338 1468 Ἀρίσταρχον.
1491 1389 1547 1446 h.
1606 1396 1833 1471 στροφῇ
1899 1382 1963 1446 δὲ
2016 1384 2117 1446 καὶ
2174 1385 2335 1447 ἀντι·
2366 1406 2530 1462 80Εο

310 1474 544 1561 στρόφφ
588 1474 659 1536 τὰ
707 1484 821 1536 τῶν
866 1480 1123 1556 λυρικῶν
1171 1476 1466 1556 σύγκειται
1509 1475 1823 1554 ποιήματα.

446 1567 544 1625 3i.
610 1562 643 1624 6
677 1564 1014 1646 τριπλόος
1049 1564 1432 1645 κεχλαδώςε
1478 1562 1511 1626 6
1558 1564 1699 1643 μετὰ
1734 1563 2013 1642 πλήθους
2046 1564 2330 1625 κελάδων·
2362 1584 2393 1627 Α

231 1674 282 1715 15
311 1651 351 1732 ἢ
397 1654 658 1732 πληθύει
700 1652 770 1715 τὰ
816 1651 977 1733 μέλη.
1117 1656 1174 1712 k.
1224 1651 1656 1732 [κωμάζοντι
1701 1651 1999 1732 φίλοιςτ]
2048 1653 2337 1714 πλειόνων

289 1742 508 1825 ,οὐσῶν
554 1740 962 1822 ἀντιστρόφων
997 1736 1146 1803 καθ’
1177 1740 1428 1821 ἑκάστην
1466 1742 1733 1823 στροφὴν
1770 1741 1887 1821 ἔφη
1928 1742 2017 1803 ’ὅτι
2050 1741 2174 1822 τρὶς
2210 1740 2335 1803 ἐπε·

312 1832 600 1893 κελάδουν
643 1832 940 1893 καλλίνικε
984 1830 1266 1913 λέγοντες.
1353 1831 1426 1893 ού
1460 1831 1729 1893 καθόλου
1767 1828 1831 1892 δὲ
1866 1830 2011 1911 τρὶς,
2058 1828 2201 1891 ἀλλὰ
2237 1830 2336 1891 καὶ

312 1925 560 2001 τριπλῆν
607 1918 757 2002 ἔχειν
794 1919 904 1999 τὴν
939 1919 1166 2002 τροπὴν
1209 1918 1311 1982 καὶ
1348 1921 1529 1982 πάλιν
1564 1918 2090 2002 ἀναλαμβάνεσθαι
2126 1929 2337 1982 τοῦτον

313 2009 415 2071 τὸν
478 2009 715 2092 τρόπον.
879 2012 918 2070 l.
975 2008 1202 2089 βέλτιον
1269 2006 1334 2071 δὲ
1396 2009 1486 2071 ὅτι
1550 2009 1671 2088 τρὶς
1736 2008 1960 2094 ἐπῇδον
2024 2007 2211 2090 λέγειν
2270 2010 2338 2071 τὸ

233 2121 286 2160 20
314 2098 609 2176 ἐφύμνιον
654 2099 718 2160 οἷ
757 2100 1080 2178 κωμασταί·
1129 2098 1276 2180 λέγω
1323 2096 1389 2160 δὲ
1432 2097 1496 2161 τὸ
1543 2098 1787 2177 τήνελλα
1830 2099 2140 2159 καλλίνικε.

459 2256 524 2305 15
562 2250 677 2304 ΕΜ
716 2257 836 2318 645,
867 2257 958 2306 29:
999 2249 1159 2323 ὄχλος
1193 2251 1351 2320 παρὰ
1386 2251 1448 2305 τὸ
1485 2253 1595 2323 χλῶ
1635 2248 1669 2320 ὁ
1706 2271 1784 2320 μα
1822 2294 1833 2303 .
1867 2293 1878 2304 .
1913 2294 1923 2304 .
1966 2247 2103 2305 ὅθεν
2141 2251 2238 2304 καὶ
2272 2252 2335 2306 τὸ

314 2321 470 2388 παρὰ
505 2320 778 2390 Πινδάρω
817 2323 878 2377 ἐν
911 2318 1332 2395 Ὀλυμπιονίκῃ,
1377 2321 1637 2390 τριπλόος
1741 2323 2037 2392 κεχλαδώς,
2076 2321 2203 2376 ἀντὶ
2237 2330 2338 2376 τοῦ

317 2392 347 2446 6
382 2393 672 2462 πληθύων.
744 2377 825 2447 Ϊᾶ.
865 2392 1051 2447 Orion.
1084 2400 1203 2462 122,
1235 2400 1302 2448 29
1341 2395 1483 2464 (188,
1507 2399 1598 2448 12:
1641 2425 1704 2433 —
1744 2392 2017 2462 πλήθων).

460 2560 488 2607 1
527 2553 590 2624 1.]
627 2551 887 2620 τριπλόος
925 2553 1043 2621 0ος
1080 2553 1155 2607 id.
1196 2557 1327 2623 post
1363 2554 1641 2624 κεχλαδώς
1678 2554 1805 2608 add.
1844 2552 1933 2610 ΕΩ
1958 2556 1977 2624 ΙΙ
2015 2551 2044 2608 ὁ
2086 2553 2190 2611 ssv:
2231 2570 2338 2610 om.

317 2625 407 2680 ΒΕ
433 2627 453 2695 ss
478 2625 618 2696 τρὶς]
650 2622 733 2678 ὅτι
758 2626 879 2692 τρὶς
897 2623 935 2680 0
1037 2631 1068 2678 2
1099 2624 1211 2694 ἅμη
1233 2626 1270 2680 Ε
1371 2630 1404 2679 4
1434 2625 1659 2696 ἰαμβεῖα
1680 2628 1743 2680 D:
1766 2623 1964 2696 ἰάμβια
1986 2624 2303 2695 ΒΕΠΦΟΡῩ)
2336 2626 2345 2699 Ι

315 2695 576 2758 ἄλλως-
597 2701 628 2749 5
667 2694 983 2768 λεγόμενος]
1029 2696 1331 2768 κεχλαδώς·
1381 2695 1615 2764 πλήθων
1652 2696 1691 2753 C
1739 2697 1911 2768 (quod
1949 2696 2022 2750 ad
2058 2695 2121 2761 1.,
2170 2699 2320 2750 recte

421 2773 472 2822 4.
494 2773 526 2821 5
565 2766 803 2835 πλήθων
841 2769 969 2838 (-ων
1000 2767 1104 2835 5⁰¹³)
1163 2765 1339 2822 οἱονεὶ
1376 2766 1581 2834 πλήθει
1618 2769 1718 2836 (-ει
1750 2770 1853 2838 ΕΦ)
1901 2766 2195 2837 λεγόμενος
2225 2769 2339 2830 EG:

314 2837 520 2906 πλήθει
555 2837 848 2908 λεγόμενος
884 2838 1060 2894 οἱονεὶ
1098 2840 1181 2894 Bv
1328 2843 1361 2891 5
1395 2847 1496 2892 τοῦ
1534 2856 1640 2893 om.
1681 2837 1719 2894 0
1865 2845 1896 2892 6
1936 2838 1965 2893 6
2005 2857 2110 2893 om.
2152 2841 2192 2894 Β

317 2916 345 2963 ’1
386 2909 560 2972 ἄλλως
597 2927 704 2963 om.
745 2909 782 2965 G
817 2912 847 3034 ΣΙ
887 2908 1238 2977 καταλλήλως
1275 2911 1315 2964 Β
1373 2907 1402 2964 ὁ
1441 2912 1661 2963 καταλλ.
1703 2909 1786 2978 011
1821 2911 1914 2983 τῷ]
1950 2910 2015 2964 τὸ
2056 2912 2092 2966 Ε
2238 2916 2269 2963 8
2309 2909 2339 2964 6

314 2979 606 3049 Πίνδαρος
643 2997 789 3063 egot-
875 2979 1136 3062 τριπλόος
1174 2980 1318 3038 ΒΕΠ
1354 2997 1461 3034 om.
1493 2980 1532 3037 0
1571 2983 1649 3050 (et
1674 2981 1867 3051 Brub.)
1903 2981 1966 3035 τὸ
2002 2980 2263 3049 τριπλόος
2291 2983 2342 3048 h,

313 3069 420 3178 ἓξ·
445 3051 851 3192 ἑοζῗέἐὲῗιὲ)
907 3052 1502 3193 {¹0‘1'1rssffass‘ss‘aessff‘noegi
1524 3051 2000 3193 ἶοῗῗέῗέέῗαέὐῗὸ
2034 3059 2122 3181 effi
2144 3053 2343 3212 {32⁰3}

426 3200 488 3249 11
527 3198 766 3263 τριπλος.
813 3191 1079 3261 τρίπλους
1116 3195 1153 3249 Ε
1179 3195 1198 3264 11
1226 3191 1351 3261 ἤτοι
1387 3211 1493 3248 om.
1536 3196 1571 3249 Ε
1684 3201 1749 3248 12
1788 3191 1865 3250 ὢν
1904 3212 2009 3249 om.
2044 3196 2125 3249 Bv
2153 3197 2171 3264 ΙΙ
2198 3214 2344 3249 κατα

316 3264 415 3320 τὸν
440 3262 540 3334 Ἀρ.
573 3268 656 3321 Βν
803 3271 884 3320 12.
910 3271 975 3319 13
1014 3263 1366 3338 ἀντιστρόφῳ
1395 3265 1537 3338 <noel
1573 3265 1805 3340 ἐπῳδῷ)
1837 3265 2007 3334 Sybel
2032 3265 2265 3320 Hermes
2292 3265 2345 3319 V

318 3337 499 3406 (1870)
529 3355 591 3426 Ρ.
624 3342 726 3390 193
877 3342 944 3390 13
981 3336 1298 3405 σύγκεινται
1338 3338 1377 3391 Β
1410 3405 1413 3410 ¹
1524 3342 1592 3392 14
1626 3335 1887 3404 τρίπλοος
1921 3338 2203 3398 κεκλαδώς

321 3411 387 3461 15
423 3405 488 3460 ff..
525 3427 561 3476 η
600 3407 629 3462 ὁ
668 3406 938 3476 πληθύων
1067 3413 1132 3462 16
1170 3407 1557 3477 ἀντιστροφῶν
1586 3409 1653 3464 A:
1683 3417 1941 3476 στροφῶν
1969 3405 2156 3481 Bergk
2182 3409 2201 3476 ΙΙ
2227 3406 2345 3474 τρὶς

316 3493 447 3548 ego:
476 3487 621 3543 τρεῖς
721 3485 785 3533 17
814 3479 934 3547 τρὶς
961 3478 1130 3548 Sybel
1157 3497 1211 3548 p.
1237 3484 1365 3534 194:
1383 3487 1531 3548 τρεῖς
1631 3483 1697 3532 18
1725 3478 1939 3548 τροπὴν
1959 3479 2026 3534 A:
2058 3475 2341 3544 στροφὴνῗ

317 3548 489 3618 Sybel
523 3549 626 3606 1.1.
767 3555 830 3604 19
867 3551 988 3619 τρὶς
1022 3549 1098 3604 id.
1137 3549 1300 3604 ibid.:
1341 3559 1489 3619 τρεῖς
1513 3553 1532 3620 ΙΙ
1558 3548 1737 3620 λέγειν
1774 3567 1880 3602 om.
1922 3545 2087 3616 Sybel
2125 3564 2178 3613 p.
2213 3549 2339 3598 194:

315 3620 568 3690 λέγοντες
604 3620 673 3689 ej.
713 3620 1020 3676 Schroeder
