2646 3882
975 177 1194 247 Olymp.
1224 178 1327 231 ΧΠ
1367 183 1592 241 10—20
1621 242 1624 251 ¹
2161 178 2294 243 353

260 344 370 411 τὸν
402 339 709 427 Ἐργοτέλη
755 343 888 426 ἔχει,
930 343 1133 424 ἐπειδὴ
1171 344 1584 424 προσδοκήσας
1627 343 1693 409 έκ
1728 355 1834 407 τοῦ
1873 345 2017 406 κατὰ
2047 347 2291 427 Κρήτην

259 431 529 513 πολέμου
587 432 687 495 καὶ
743 442 846 512 τῆς
911 442 1109 514 φυγῆς
1168 432 1370 507 ἀδέξια
1431 433 1502 495 τὰ
1557 432 1838 513 μέλλοντα
1891 429 1972 495 δι’
2014 435 2291 517 εὐτυχίαν

261 522 495 601 πολλὴν
530 522 775 602 ὕστερον
814 521 994 597 δόξαν
1030 520 1329 601 ἐκτήσατο.
1385 539 1506 585 14⁸8
1644 524 1707 583 d.
1752 520 1964 595 ἄλλως·
2011 522 2081 583 τὰ
2117 522 2292 585 ἕναν-
2321 542 2397 597 eo

263 612 364 673 τία
417 622 489 697 τῇ
545 609 775 693 τέρψει,
829 610 1085 673 τουτέστι
1138 611 1207 673 τὰ
1260 609 1454 689 ἄδηλα
1515 610 1616 679 καὶ
1669 610 1872 691 ἀφανῆ
1929 610 2104 691 ἀηδῆ.

204 723 231 763 5
264 722 315 763 Θ.
362 698 574 773 ἄλλως·
621 698 771 762 ἔνιοι
814 697 879 761 δὲ
925 698 991 761 ἐν
1040 700 1234 773 ζάλαις
1280 700 1379 761 καὶ
1425 701 1781 782 πραγμάτων
1836 710 2075 781 χειμῶσι
2117 701 2286 782 γενό-
2317 719 2481 775 80εο

264 812 438 869 μενοι
482 788 548 851 ἕν
591 795 781 874 μικρῷ
825 788 1017 874 χρόνῳ
1061 789 1430 869 μετήμειψαν
1469 789 1570 851 καὶ
1605 790 1966 869 μετήλλαξαν
2003 790 2087 863 εἰς
2123 790 2292 870 βαθὺ

263 877 367 940 καὶ
413 876 559 959 μέγα
602 876 838 959 ἀγαθὸν
879 877 1365 958 παραγενόμενοι.

407 970 487 1033 16
510 988 563 1028 a.
628 965 1217 1044 ἀντικύρσαντεςε
1263 964 1396 1027 ἀντὶ
1432 977 1538 1028 τοῦ
1575 964 1908 1047 ἐντυχόντες
1947 968 2143 1041 ζάλαις
2186 966 2291 1029 »καὶ
2317 987 2350 1030 A

268 1056 618 1136 τρικυμίαις.
767 1056 824 1116 b.
880 1055 1029 1117 ἔνιοι
1086 1055 1151 1118 ἐν
1210 1055 1408 1128 ζάλαις
1467 1056 1876 1136 περιπεσόντες
1934 1057 2290 1138 πραγμάτων

184 1168 241 1207 10
269 1144 373 1207 καὶ
415 1153 691 1226 χειμῶσιν
736 1144 1083 1224 ἐκομίσαντο
1129 1143 1194 1205 ἕν
1240 1149 1430 1229 μικρῷ
1473 1144 1664 1230 χρόνῳ
1701 1143 1832 1205 ἀντὶ
1875 1154 1980 1206 τοῦ
2026 1145 2295 1225 πήματος

272 1234 439 1311 βαθὺ
500 1232 753 1315 ἀγαθόν.
842 1234 1063 1312 ταύτην
1125 1230 1187 1294 δὲ
1248 1232 1359 1311 τὴν
1416 1233 1661 1314 γνώμην
1719 1232 1870 1314 λέγει
1926 1235 2204 1307 πολλάκις
2259 1231 2292 1297 ὃ

270 1324 609 1403 Πίνδαρος,
664 1321 753 1383 ὅτι
805 1321 965 1403 παρὰ
1020 1319 1129 1402 μὲν
1182 1321 1457 1402 εὐτυχίαν
1509 1322 1694 1383 κακὸν
1747 1322 2052 1403 ἐμβαίνειν
2097 1324 2294 1402 εἴωθε,

270 1410 433 1493 παρὰ
490 1408 553 1472 δὲ
609 1412 928 1492 δυστυχίαν
982 1408 1233 1492 ἀγαθόν.
1326 1410 1423 1472 καὶ
1476 1410 1588 1493 γὰρ
1637 1409 1668 1472 ὅ
1711 1405 2054 1493 Ἐργοτέλης
2099 1434 2295 1493 φυγα-

273 1499 513 1573 δευθεὶς
558 1499 658 1561 καὶ
702 1498 797 1560 ἐπὶ
840 1490 1040 1562 ἆθλον
1084 1499 1524 1581 ἀγωνισάμενος
1569 1499 1856 1578 ἐνίκησεν.
2077 1578 2102 1589 ..

185 1612 239 1651 15
407 1594 507 1651 17.
571 1587 891 1668 πήματος
944 1588 1020 1650 ἐν
1083 1594 1337 1674 μικρῷε
1401 1590 1582 1651 λείπει
1633 1586 1672 1669 ή
1728 1588 1888 1667 ἀντί,
1943 1585 2105 1677 ἴν’ᾑ
2160 1588 2292 1651 ἀντὶ
2318 1607 2441 1664 σεο

268 1678 555 1758 πήματος.
628 1687 800 1739 τοῦτο
848 1676 911 1739 δὲ
958 1672 1082 1740 εἶπε
1127 1676 1227 1739 διὰ
1271 1676 1376 1739 τὸν
1409 1672 1741 1760 Ἐργοτέλη·
1785 1678 1794 1758 Ι
1833 1676 1935 1741 καὶ
1968 1678 2080 1760 γὰρ
2118 1672 2292 1752 οὗτος
2323 1697 2398 1741 uu
2413 1695 2490 1752 εο

268 1766 335 1829 ἐκ
370 1767 658 1845 πημάτων
694 1776 811 1829 τῶν
848 1766 981 1848 περὶ
1018 1767 1127 1847 τὴν
1162 1765 1504 1828 ἀπόπτωσιν
1532 1765 1766 1847 ἀγαθὸν
1803 1767 1927 1848 ἔσχε
1962 1768 2072 1846 τὴν
2099 1769 2296 1847 νίκην.

410 1860 508 1917 19.
574 1853 682 1918 υἱὲ
724 1857 1156 1936 Φιλάνοροςε
1206 1852 1237 1916 ὅ
1276 1856 1448 1935 λόγος
1493 1857 1642 1937 πρὸς
1679 1856 1781 1917 τὸν
1814 1851 2122 1937 Ἐργοτέλη
2156 1855 2294 1919 υἱὸν
2321 1875 2354 1918 A

276 1945 418 2009 ὄντα
468 1946 816 2026 Φιλάνορος.
908 1944 1058 2027 λέγει
1104 1944 1190 2025 δὲ,
1234 1944 1698 2026 προδεδηλωκὼς
1733 1943 1950 2028 <περὶ>
1985 1955 2102 2008 τῶν
2147 1963 2296 2026 συμ-

190 2058 245 2097 20
274 2044 479 2116 φορῶν
527 2035 617 2096 ὅτι
653 2040 821 2113 φιλεῖ
847 2036 1223 2114 μεταπίπτειν
1258 2033 1320 2108 ἐξ
1359 2033 1607 2115 ἀγαθῶν
1645 2033 1752 2114 μὲν
1788 2033 1959 2113 κακὰ,
1996 2032 2062 2096 ἐκ
2096 2044 2296 2098 κακῶν

272 2121 337 2185 δὲ
380 2122 613 2205 ἀγαθὰ,
669 2123 758 2194 ὅτι
808 2122 908 2185 καὶ
948 2118 1290 2204 Ἐργοτέλης
1345 2123 1400 2184 εί
1451 2122 1532 2202 μὴ
1586 2121 2006 2204 ἐφυγαδεύθη,
2062 2122 2174 2184 οὐκ
2216 2122 2295 2185 ἂν

286 2212 302 2236 ’
346 2213 617 2279 ωνίσατο.
2267 2259 2271 2266 .

269 2238 347 2294 ny
408 2305 492 2362 20
512 2323 565 2362 a.
629 2295 729 2362 ἅτ’
762 2299 1091 2383 ἀλέκτωρτ
1136 2300 1240 2362 τὸν
1278 2299 1636 2381 ἀλεκτρυόνα
1673 2299 1962 2381 παρέλαβε
2009 2299 2109 2362 διὰ
2133 2293 2296 2381 (ves)
2322 2321 2355 2364 A

274 2391 379 2463 τὰς
425 2399 542 2450 τῶν
588 2387 992 2470 ἀλεκτρυόνων
1037 2391 1223 2470 μάχας
1272 2389 1424 2467 [καὶ]
1473 2390 1832 2462 κατοικιδίας
1877 2390 2153 2470 γίνεσθαι
2195 2389 2296 2452 καὶ

196 2503 249 2542 25
277 2476 464 2559 μηδὲν
508 2476 677 2552 ἄξιον
721 2478 899 2560 λόγου
945 2475 1183 2559 (δρᾶν)
1230 2479 1501 2562 δημοσίᾳ.

420 2639 447 2686 1
477 2632 577 2686 τὸν
599 2629 892 2702 Ἐργοτέλη
925 2633 989 2686 8:
1019 2632 1117 2686 τὸν
1140 2628 1472 2702 Ἐργοτέλην
1494 2631 1726 2702 C(B⁰P)U
1760 2633 1823 2686 τὸ
1854 2631 2017 2702 ἔργον
2045 2631 2197 2696 τέλος
2227 2632 2302 2758 EQ

274 2705 431 2775 ἔσχεν
461 2702 550 2761 OD
662 2710 693 2756 3
724 2701 975 2758 ἐκτίσατο
1002 2719 1035 2758 ν
1064 2707 1223 2772 (corr.
1254 2703 1426 2774 Beck)
1536 2710 1569 2756 4
1599 2704 1695 2756 καὶ
1722 2705 1919 2772 ἀφανῆ
1949 2703 2172 2772 scripsi:
2204 2723 2276 2758 κα

272 2776 372 2843 ἀφ.
402 2774 499 2829 καὶ
528 2775 569 2833 ss
598 2791 703 2830 om.
736 2777 773 2830 Ε
873 2781 904 2829 5
935 2773 1109 2838 ἄλλως
1136 2791 1243 2828 om.
1271 2776 1311 2829 Β
1339 2777 1358 2843 ΙΙ
1385 2773 1518 2846 ζάλῃ
1551 2776 1633 2830 BV
1661 2776 1680 2842 ΙΙ
1705 2783 1930 2845 χειμῶσι
1956 2773 2300 2844 πραγμάτων

275 2848 356 2901 Βν
467 2851 514 2899 5.
537 2852 569 2900 6
607 2845 875 2916 γενόμενα
913 2849 950 2901 Ε
1059 2851 1091 2899 6
1131 2846 1188 2910 ἐς
1226 2848 1265 2900 Β
1379 2851 1407 2898 7
1446 2846 1543 2900 καὶ
1578 2844 1717 2915 μέγα
1755 2846 1981 2914 ἀγαθὸν
2021 2848 2060 2900 Β
2098 2845 2216 2916 (cfr.
2256 2848 2299 2901 A

276 2923 341 2972 16
354 2917 437 2986 b):
476 2916 681 2972 ἐσθλὸν
718 2917 898 2988 (ἐσλὸν
935 2919 993 2986 Ε)
1031 2918 1157 2973 ἀντὶ
1193 2925 1293 2971 τοῦ
1332 2914 1472 2985 μέγα
1509 2916 1692 2986 (6)Εο
1717 2919 1738 2986 ΙΙ
1771 2915 2233 2987 παραγενόμενον
2264 2918 2301 2972 Ε

379 2993 413 3042 8
443 2987 763 3059 ἐντυχόντες
792 2991 848 3042 h:
890 2988 1085 3059 ἔτυχον
1221 2993 1353 3042 9.10
1381 2989 1478 3042 καὶ
1505 3006 1710 3056 πραγμ.
1743 2987 2051 3042 Sohroeder
2077 2991 2158 3057 (V)

276 3065 341 3113 10
368 3068 630 3130 χειμῶσιν
661 3057 990 3128 ἐκομίσαντο
1020 3057 1243 3128 scripsi:
1281 3067 1506 3130 χειμῶσι
1536 3057 1992 3129 νενομισμένῷις)
2114 3064 2179 3113 14
2208 3057 2302 3114 ἐπὶ

274 3133 341 3186 A:
382 3130 572 3188 ἔπειτα
612 3134 660 3185 b.
699 3131 798 3184 καὶ
835 3130 926 3184 ἐπὶ
964 3124 1146 3185 ἆθλον
1184 3133 1448 3199 corrupta.
1484 3129 1593 3183 vid.
1721 3136 1786 3184 15
1824 3129 1859 3182 1.
1899 3147 2032 3196 οη,
2073 3131 2134 3184 δὲ
2170 3131 2302 3198 post

274 3197 449 3258 λείπει
486 3203 615 3256 add.
657 3203 697 3256 Β
733 3204 752 3271 ΙΙ
793 3195 931 3273 ἴν’ᾖ
967 3202 1095 3255 ἀντὶ
1134 3204 1198 3258 8:
1237 3202 1366 3255 ἀντὶ
1400 3201 1441 3259 ss
1478 3217 1583 3254 om.
1617 3202 1654 3256 Ε
1800 3206 1864 3254 16
1902 3200 2170 3270 πημάτων
2208 3202 2245 3254 Ε
2267 3200 2303 3272 ΙΙ

273 3274 372 3328 τὸν
394 3269 688 3343 Ἐργοτελῆ
720 3275 785 3328 8„-
814 3273 913 3327 τὸν
934 3269 1264 3342 Ἐργοτέλην
1295 3273 1380 3328 ssv
1423 3270 1487 3328 τὸ
1517 3270 1836 3342 ἐργοτέλ(ος)
1869 3274 1904 3327 Ε
2033 3276 2200 3327 16.1.”1
2239 3271 2304 3326 ἐκ

274 3343 379 3415 γὰρ
406 3353 519 3400 τῶν
545 3364 603 3399 π.
628 3347 685 3413 D,
714 3362 821 3398 om.
852 3345 948 3397 καὶ
977 3343 1081 3413 γὰρ
1111 3339 1275 3407 οὗτος
1377 3348 1445 3396 -17
1476 3343 1627 3414 περὶ]
1658 3343 1812 3410 παρὰ
1843 3342 1931 3400 Eu
1956 3345 1976 3412 ΙΙ
2003 3341 2234 3411 ἀγαθὴν
2266 3343 2303 3397 Ε

383 3421 550 3470 19.20
587 3434 657 3470 πε
696 3415 716 3469 ὶ
750 3423 862 3470 τῶν
900 3424 1201 3484 συμφορῶν
1240 3415 1465 3483 scripsi:
1503 3423 1614 3468 τῶν
1652 3411 1976 3485 συμμαχίων
2011 3415 2079 3479 Α;
2119 3411 2226 3465 del.
2268 3413 2300 3466 b

378 3492 447 3541 20
474 3505 656 3556 μεταπ
679 3505 828 3541 πτειε
861 3489 891 3540 h
1002 3491 1068 3540 23
1100 3485 1356 3556 supplevi
1473 3491 1540 3538 24
1569 3484 1665 3539 καὶ
1702 3484 1881 3538 delevi
1909 3487 1927 3553 ΙΙ
1954 3483 2017 3537 ft.
2056 3501 2302 3538 κατοικι-

275 3555 434 3622 δίους
577 3563 643 3612 26
682 3558 755 3628 μὴ
793 3558 854 3613 δὲ
894 3557 1055 3623 α”ξιον
1090 3555 1259 3627 λόγου
1296 3553 1592 3625 δημοσίους
1633 3558 1671 3611 V

381 3655 553 3698 Senon.
580 3668 633 3698 nc
658 3657 921 3698 Pmmumn
950 3657 1020 3697 ed.
1050 3657 1435 3698 Brachmann.
1914 3648 1980 3694 23
