2646 3882
364 226 494 290 202
1084 270 1087 274 .
1257 225 1485 282 Scholia

359 392 446 471 θὴ
495 391 638 467 δόξα
689 391 788 453 καὶ
843 393 1016 471 φήμη
1069 391 1304 474 κατέχει.
1441 395 1497 453 b.
1542 391 1674 476 ἢτοι
1717 401 2055 472 γνωμικῶς·
2107 389 2147 470 ἢ
2194 391 2386 470 ἰδίως,

360 478 430 542 ὃν
477 479 552 541 ἂν
597 480 941 560 εὐφημήσω.
2012 510 2015 513 ·

304 588 337 633 Α
500 574 578 630 17
601 591 648 632 ο.
725 569 989 649 ὅλβιοςτ
1048 571 1314 632 καθόλου
1374 581 1490 644 πᾶς
1551 568 1582 631 ὁ
1642 575 1832 642 καλῶς
1893 567 2131 631 ἀκούων
2186 567 2386 649 ὄλβιός

358 656 513 719 ἐστιν
568 705 892 722 ........
950 667 1145 739 φῆμαι
1208 658 1435 741 ἀγαθαὶ
1506 658 1847 739 κατέχουσιν
1920 658 1985 719 ἐκ
2046 666 2164 718 τῶν
2225 656 2385 737 ἐμῶν

359 748 722 827 ποιημάτων,
769 742 899 809 οἷον
944 747 1049 809 τὸν
1095 741 1200 809 ὑπ’
1243 748 1390 827 ἐμοῦ
1437 746 1795 827 μνησθέντα.
1852 769 1902 809 12
2444 769 2470 809 5

308 854 341 899 Α
503 840 582 897 19
607 856 659 899 a.
723 834 967 897 ἄλλοτε
1005 830 1060 896 δ’
1093 835 1333 899 ἄλλους
1379 837 1441 899 τὸ
1478 836 1638 917 ἑξῆς·
1684 829 1877 897 ἄλλοτ’
1910 833 2088 896 ἄλλον
2125 831 2384 915 ἧΧάρις

359 923 678 987 ἐποπτεύει.
773 919 926 1009 [τὸν]
985 927 1320 1005 κομίζονται
1382 935 1502 987 τῶν
1565 931 1986 987 κακοπαθειῶν
2048 922 2159 1001 τὴν
2214 924 2385 1004 χάριν

361 1016 424 1076 οἷ
474 1012 858 1093 ὑμνηθέντες.
992 1016 1050 1075 b.
1113 1015 1359 1076 δύναται
1425 1012 1488 1075 δὲ
1551 1014 1650 1075 καὶ
1718 1011 1756 1092 ἡ
1813 1014 1978 1095 χάρις
2036 1011 2384 1074 ἐποπτεύειν

361 1102 484 1181 ἅμα
531 1100 638 1181 μὲν
681 1101 968 1183 ἁδυμελεῖ
1002 1102 1287 1186 φόρμιγγι
1331 1104 1681 1183 παμφώνων
1726 1125 1786 1164 τε
1822 1102 1886 1163 ἐν
1925 1100 2148 1163 ἔντεσιν
2185 1101 2383 1163 αὐλῶν

363 1191 504 1272 ὅπερ
558 1201 766 1253 νικῶσι
819 1199 942 1266 τοῖς
995 1192 1349 1274 νικηφόροις
1403 1194 1718 1273 συμβαίνει
1770 1196 1981 1253 ποιεῖν.
2125 1211 2173 1252 ο.
2220 1212 2383 1272 περι·
2416 1213 2471 1253 10

359 1288 691 1391 φραστικῶς
744 1274 869 1342 εἶπε
921 1282 1063 1355 τοὺς
1116 1282 1335 1354 αὐλοὺς
1390 1280 1557 1343 ἔντεα
1608 1280 1767 1361 παρὰ
1820 1280 1885 1342 τὸ
1942 1278 2054 1341 ἔσω
2102 1278 2210 1358 τὴν
2257 1302 2385 1357 φω-

357 1392 475 1447 νην
521 1391 684 1449 εχειν.

163 1473 404 1531 Β(ο)οεο
499 1460 652 1520 19d.
707 1455 951 1519 ἄλλοτε
997 1454 1053 1519 δ’
1085 1457 1300 1521 ἄλλον
1336 1458 1713 1521 ἐποπτεύει
1749 1458 1975 1537 χάριςε
2017 1449 2385 1538 Ἀρίσταρχος

360 1546 529 1627 χάριν
593 1545 797 1608 ἀκούει
857 1546 968 1626 τὴν
1030 1557 1134 1626 τῆς
1197 1547 1605 1627 εὐδαιμονίας·
1670 1544 1899 1627 βέλτιον
1965 1543 2029 1607 δὲ
2091 1545 2202 1624 τὴν
2267 1554 2386 1606 τῶν

360 1635 720 1713 ποιημάτων.
864 1656 915 1698 e.
972 1637 1378 1715 ζωθάλμιος
1438 1634 1533 1715 δὲ,
1589 1633 1628 1715 ἡ
1684 1635 1927 1696 θάλλειν
1984 1634 2200 1709 αὐτοὺς
2252 1655 2385 1694 ποι-
2416 1656 2470 1697 15

364 1734 514 1785 οῦσα
559 1722 660 1784 καὶ
704 1722 888 1785 οἱονεὶ
935 1727 1043 1803 ζῆν
1088 1725 1411 1798 διαπαντὸς
1458 1722 2035 1804 μνημονευομένους.

155 1836 361 1895 nqueo
501 1816 579 1873 19
601 1815 642 1871 f.
689 1810 900 1886 ἄλλως·
931 1812 1308 1876 ἐποπτεύει
1336 1815 1561 1895 χάριςι
1590 1810 1628 1891 ἡ
1658 1822 1775 1873 τῶν
1802 1813 2149 1893 ποιημάτων
2176 1808 2385 1889 ἡδονή.

447 1924 502 1981 g.
551 1898 582 1962 ὁ
622 1898 686 1964 δὲ
721 1911 892 1976 νοῢς·
943 1898 1170 1984 [ἄλλοτε
1207 1898 1264 1964 δ’
1307 1902 1487 1965 ἄλλον
1525 1900 1564 1982 ἡ
1603 1902 1939 1980 ζωθάλμιος
1976 1902 2164 1982 χάρις,
2202 1896 2243 1979 ἡ
2280 1908 2387 1979 τῆς

361 1986 584 2072 νίκης,]
629 1993 1066 2073 καταλαμβάνει
1115 1990 1179 2053 δὲ
1234 1992 1335 2053 καὶ
1381 1991 1688 2054 ἐποπτεύει
1731 1989 1769 2070 ’ἡ
1821 1992 1984 2073 χάρις
2030 1991 2172 2063 τοὺς
2214 2013 2385 2066 νικη-

362 2079 589 2160 φόρους
642 2082 756 2142 σύν
808 2103 868 2142 τε
921 2082 1144 2166 κιθάρα
1197 2081 1297 2142 καὶ
1353 2081 1557 2154 αὐλοῖς
1610 2081 1890 2152 ποικίλως
1936 2077 2384 2162 φθεγγομένοις.
2415 2101 2470 2140 20

449 2171 505 2228 h.
553 2170 958 2249 ζωθάλμιος
1003 2169 1136 2232 ἀντὶ
1181 2180 1286 2232 τοῦ
1334 2172 1488 2244 ζῶσα
1532 2169 1633 2232 καὶ
1678 2170 1999 2232 θάλλουσα.
2080 2191 2093 2202 ·

485 2357 572 2450 ’15
619 2395 748 2450 Hes.
787 2394 1124 2464 ζωεάκμων.
1162 2426 1233 2436 -
1269 2395 1425 2449 Euat.
1474 2395 1545 2448 de
1590 2394 1709 2447 vita,
1752 2393 1919 2452 Pind.
1958 2411 2017 2462 p.
2046 2398 2139 2460 12,
2162 2397 2227 2447 10
2255 2391 2387 2445 Ab.:

362 2467 681 2538 ζωθάλμιον
716 2466 899 2538 χάριν,
938 2463 1078 2520 καθ’
1111 2463 1184 2534 ἣν
1220 2469 1329 2530 ζῶν
1366 2485 1449 2528 τις
1482 2463 1680 2520 θάλλει

507 2687 539 2735 3
575 2680 640 2734 ft.
671 2677 794 2753 <ἢ>
831 2678 1086 2733 καθόλου
1266 2683 1300 2730 4
1340 2675 1462 2750 (ἢ)
1500 2677 1559 2730 in
1594 2675 1701 2730 lac.
1742 2675 1923 2746 suppl.
1967 2678 1997 2730 b
2026 2677 2045 2745 ΙΙ
2074 2675 2257 2744 φημαὶ

369 2757 400 2806 5
439 2751 538 2806 τὸν
574 2754 634 2806 et
668 2749 991 2821 μνησθέντα
1028 2766 1158 2819 ego:
1204 2757 1315 2804 τῶν
1355 2751 1413 2802 et
1448 2745 1814 2816 μνησθέντων
1995 2752 2025 2799 ’7
2065 2743 2388 2801 ἐποπτεύοιε

367 2841 472 2894 ego
517 2825 536 2892 ΙΙ
579 2823 678 2878 τὸν
715 2821 918 2877 seclusi
962 2823 980 2890 ΙΙ
1017 2818 1338 2889 κομίζονται
1379 2835 1483 2888 ego
1512 2821 1530 2887 ΙΙ
1557 2821 1934 2872 κακοπαθῶνε
1974 2833 2078 2886 ego
2223 2821 2255 2868 8
2292 2815 2391 2868 καὶ

366 2893 606 2968 <οῧτως·
665 2900 690 2948 ¹?
737 2894 796 2948 et
833 2891 1156 2948 ἐποπτεύειῗ
1320 2895 1529 2943 13--16
1569 2887 1729 2958 χάρις
1764 2887 2185 2957 ζωοφθάλμιοςε
2222 2885 2257 2955 ἡ
2294 2893 2393 2955 τῆς

365 2963 547 3034 νίκης·
673 2964 906 3019 θάλλειν
927 2995 993 3003 -
1014 2960 1483 3032 μνημονευομένη.
1548 2957 1648 3028 Ἄρ.
1688 2959 1752 3014 δὲ
1797 2958 1965 3030 χάριν
2014 2960 2117 3027 τὴν
2161 2965 2260 3027 τῆς
2304 2957 2391 3012 εὐ-

368 3033 667 3105 δαιμονίας
702 3034 898 3090 άκούει
937 3034 1000 3101 ὓς
1039 3033 1136 3087 cfr.
1178 3033 1266 3086 ad.
1309 3038 1375 3086 18
1523 3037 1589 3086 13
1629 3030 1919 3087 ἐποπτεύει
1955 3029 2117 3101 χάρις
2152 3045 2259 3083 om.
2298 3030 2388 3083 Bu

512 3113 577 3162 14
613 3106 717 3175 τὴν
753 3115 850 3175 τῆς
887 3101 1250 3172 εὐδαιμονίας
1279 3103 1316 3160 0
1371 3111 1471 3173 τῆς
1507 3098 1871 3171 εὐδαιμονίας
1910 3101 2125 3158 ὓΕαὴε
2160 3099 2264 3169 τὴν
2302 3099 2393 3153 εὐ-

368 3175 671 3247 δαιμονίαν
703 3180 785 3232 Bv
811 3179 830 3247 ΙΙ
855 3175 958 3245 τὴν
975 3176 1128 3302 galla.)
1157 3192 1263 3229 om.
1297 3177 1335 3230 D
1354 3177 1389 3230 Ε
1492 3179 1557 3229 15
1588 3173 1764 3229 αὐτὸν
1791 3189 1864 3227 an
1892 3173 2098 3235 αὐτοὺς
2127 3173 2166 3226 Β
2195 3171 2390 3224 incerta.

513 3254 578 3302 16
617 3267 973 3318 μνημονευομ
1001 3267 1072 3316 νη
1113 3247 1201 3302 GD
1388 3250 1451 3299 17
1494 3245 1668 3307 ἄλλως
1703 3261 1808 3299 om.
1850 3247 1891 3300 Β
1934 3246 1954 3314 11
2008 3243 2047 3297 l:
2086 3243 2253 3300 BEss:
2291 3241 2394 3312 χά-

370 3338 456 3386 ρις
493 3319 630 3387 8011
672 3317 732 3390 ἡ]
769 3317 930 3388 χάρις
965 3318 1000 3387 ἡ
1041 3318 1130 3375 ΕΩ
1277 3323 1342 3371 18
1383 3317 1659 3371 ἄλλοτε-
1683 3322 1747 3370 19
1786 3313 1947 3386 νίκης
1982 3313 2187 3369 seclusi
2225 3314 2263 3369 θ
2310 3329 2391 3366 se-

371 3390 532 3443 cutus
571 3389 688 3458 (cfr.
729 3389 804 3442 ad
844 3390 1083 3458 13—16)
1267 3394 1331 3442 18
1372 3387 1563 3460 ἄλλον]
1602 3387 1781 3442 ἄλλων
1820 3389 1857 3442 D
1898 3387 2042 3441 ἄλλω
2082 3387 2118 3441 Ε
2162 3385 2182 3454 ΙΙ
2226 3384 2263 3454 ἡ
2298 3392 2397 3453 τῆς

371 3457 531 3529 νίκης
558 3461 718 3530 χάρις
745 3462 871 3530 (om.
901 3459 938 3528 ἡ
967 3461 1122 3529 ζωθ.)
1154 3459 1190 3514 0
1247 3458 1282 3527 ἡ
1312 3463 1446 3524 ζωθ.
1477 3458 1512 3528 ἡ
1540 3467 1637 3528 τῆς
1664 3455 1824 3528 νίκης
1861 3457 2022 3529 χάρις
2049 3473 2081 3512 v
2144 3511 2157 3526 ,
2229 3461 2295 3511 19
2332 3454 2395 3510 δὲ

372 3547 478 3583 om.
521 3531 654 3586 Βῦν
697 3533 716 3600 ΙΙ
760 3531 858 3584 καὶ
895 3547 1001 3585 om.
1043 3530 1084 3587 ss
1125 3532 1148 3620 l}
1191 3528 1226 3598 ἡ
1264 3529 1428 3600 χάρις
1464 3547 1569 3585 om.
1613 3530 1693 3587 ch
1847 3535 1915 3584 20
1955 3527 2169 3602 αὐλοῖς]
2207 3528 2397 3588 αὐλοῖς

371 3601 468 3654 καὶ
505 3601 608 3655 σὺν
645 3602 835 3662 αὐλοῖς
873 3603 908 3655 Ε
936 3603 955 3670 ΙΙ
981 3603 1254 3662 ποικιλοις
1293 3603 1330 3656 Ε
