2646 3882
362 205 495 269 314
1258 203 1486 257 Scholia.

361 370 656 432 τουτέστιν
709 364 871 432 οἶδεν
926 370 1398 451 ἀντιχαρίζεσθαι
1449 367 1488 449 ἡ
1545 380 1662 431 τῶν
1708 375 1965 450 Λοκρῶν
2021 369 2190 443 πόλις
2239 369 2398 451 πρὸς

360 459 637 541 ἐγκώμια·
686 460 779 523 διό
826 476 1039 539 φησιν·
1086 458 1241 539 μέλει
1284 458 1347 519 τέ
1391 477 1500 538 σφι
1546 458 1866 520 Καλλιόπα.

196 568 362 624 Boeo
503 551 658 610 17d.
723 546 920 629 νέμει
962 547 1091 631 γὰρ
1129 545 1460 629 ἀτρέκεια
1494 547 1704 609 πόλιν
1732 553 2059 629 Λοκρῶν·
2106 545 2240 609 ἀντὶ
2278 558 2392 609 τοῦ

156 656 366 712 neoto
395 636 635 718 νέμεται
667 637 768 699 καὶ
822 637 977 700 ἔστιν
1032 636 1096 698 έν
1142 660 1175 697 τ
1258 635 1534 721 ἀληθεία,
1574 637 1584 713 Ι
1623 634 1878 698 τουτέστι
1929 636 2028 698 καὶ
2075 630 2216 716 μεθ’
2246 634 2392 698 ἑαυ-

174 746 337 802 Βοεο
366 737 470 807 τῆς
516 727 627 808 ἔχει
670 726 779 805 τὴν
824 725 1113 805 ἀλήθειαν
1158 662 1211 804 Ξ
1244 735 1362 786 τῶν
1408 731 1665 806 Λοκρῶν
1709 726 1893 799 πόλις.
1937 720 1945 808 Ι
1988 725 2062 787 οὐ
2118 726 2214 786 δεῖ
2252 717 2393 804 ουν,
2453 748 2477 789 5

218 836 337 892 σεο
364 834 582 895 φησιν,
638 811 769 877 οὐδ’
811 813 909 895 ἐμὲ
964 815 1314 893 ψεύδεσθαι.
1374 825 1484 877 1⁷¹8
1634 836 1680 876 e.
1737 812 1933 894 νέμει
1991 812 2120 897 γὰρ
2185 812 2392 895 ἀτρέ-

361 928 515 966 κεια
558 903 767 966 πόλιν
812 910 1145 985 Λοκρῶν,
1200 902 1498 965 τουτέστιν
1548 902 1832 982 ἀληθεύει
1876 900 1916 982 ἡ
1962 912 2081 965 τῶν
2128 908 2391 984 Λοκρῶν

172 1014 342 1068 cneo
368 993 553 1067 πόλις.
594 988 604 1076 Ι
646 993 739 1055 διὸ
784 993 885 1054 καὶ
928 990 1059 1072 ἐμοὶ
1102 990 1212 1071 τὴν
1258 992 1408 1072 πρὸς
1451 991 1670 1064 αὐτοὺς
1707 991 1997 1070 ἀλήθειαν
2034 990 2387 1070 φυλακτέον.

455 1085 495 1143 f.
543 1080 667 1143 ἐπεὶ
719 1081 829 1163 γὰρ
882 1082 1015 1163 περὶ
1068 1080 1301 1163 χάριτός
1355 1080 1513 1142 ἔστιν
1559 1077 1591 1141 ὃ
1639 1080 1838 1163 λόγος,
1883 1080 2097 1160 φησὶν·
2159 1080 2280 1141 ὅπα
2328 1103 2388 1141 τε

358 1171 566 1233 κοινὸν
629 1170 805 1251 λόγον
858 1172 1094 1251 τίσομεν
1156 1169 1218 1243 ές
1272 1170 1470 1251 χάριν·
1546 1168 1830 1250 ἀπονέμει
1882 1169 1994 1251 γὰρ
2058 1166 2098 1248 ἡ
2154 1176 2388 1251 τραχεῖα
2421 1194 2474 1233 ιο

360 1260 545 1333 πόλις.
682 1281 735 1339 g.
776 1256 929 1332 τινὲς
958 1260 1146 1331 οὕτως
1162 1276 1175 1287 ·
1223 1253 1386 1320 οἶδε-ν
1414 1257 1889 1340 ἀντιχαρίζεσθαι
1914 1256 1954 1338 ἡ
1982 1268 2099 1319 τῶν
2126 1264 2390 1339 Λοκρῶν

150 1368 360 1423 acuto
388 1348 571 1421 πόλις.
635 1359 757 1423 16οὓ
908 1351 966 1410 h.
1012 1345 1209 1427 νέμει
1254 1347 1382 1428 γὰρ
1427 1346 1752 1427 ἀτρέκεια
1793 1347 2004 1409 πόλιν
2049 1353 2387 1429 Λοκρῶνε

362 1436 494 1499 ἀντὶ
527 1447 634 1500 τοῦ
672 1436 785 1517 ἔχει
819 1435 1015 1517 νομὴν
1052 1435 1152 1497 καὶ
1199 1437 1408 1497 δίδωσι
1453 1435 1639 1517 λαβὰς
1685 1432 1724 1514 ἡ
1767 1436 1937 1509 πόλις
1981 1444 2099 1497 τῶν
2126 1442 2387 1517 Λοκρῶν

169 1546 332 1602 Boeo
367 1521 536 1609 Ιπρὸς
574 1526 855 1607 ἐγκώμια·
895 1524 986 1586 διὸ
1014 1523 1320 1606 ἐπήνεγκε·
1359 1524 1514 1604 μέλει
1549 1524 1610 1586 τέ
1645 1542 1754 1603 σφι
1790 1525 2096 1587 Καλλιόπα
2122 1524 2223 1586 καὶ
2250 1526 2388 1606 χάλ-

358 1638 492 1688 κεος
512 1612 713 1695 Ἄρης.
786 1613 886 1675 καὶ
930 1612 1042 1695 γὰρ
1078 1612 1179 1675 καὶ
1216 1612 1280 1674 έν
1316 1623 1388 1699 τῇ
1434 1623 1688 1698 μουσικῇ
1727 1613 2075 1695 διαφέρουσι
2110 1612 2224 1675 κάν
2261 1621 2387 1687 τοῖς
2416 1638 2470 1678 15

360 1702 507 1765 κατὰ
551 1702 832 1782 πόλεμον·
890 1703 983 1765 διὸ
1040 1700 1316 1813 ἀφορμὰς
1364 1703 1572 1763 δίδωσι
1624 1708 1746 1775 τοῖς
1800 1702 2202 1817 βουλομένοις.
2262 1714 2385 1767 1⁷⁶8

154 1811 366 1867 800εο
457 1796 495 1852 i.
543 1797 775 1873 τραχεῖα
811 1789 875 1852 δὲ
911 1789 1203 1864 εἰκότως”
1184 1790 1260 1851 ἀν
1305 1791 1548 1872 λέγοιτο,
1592 1792 1871 1870 λοφώδης
1919 1784 2069 1854 ουσα
2114 1791 2214 1852 καὶ
2259 1790 2388 1853 ἐπι-

171 1902 336 1958 Βοεο
364 1881 765 1956 θαλασσίδιος.
826 1875 834 1964 Ι
893 1880 1071 1954 αὐτὸς
1126 1882 1235 1963 γάρ
1292 1898 1480 1959 φησιν
1540 1874 1638 1964 (fr.
1691 1872 1879 1964 200)·
1945 1882 2014 1944 οι
2057 1874 2107 1941 τ’
2150 1879 2388 1963 ἀργίλοψ

363 1994 484 2051 φον
537 1970 657 2052 πὰρ
702 1972 1007 2051 Ζεφυρίου
1062 1970 1348 2032 κολώναν.
1439 1969 1540 2031 καὶ
1584 1967 1617 2031 ὃ
1662 1971 1935 2051 βούλεται
1988 1970 2207 2051 λέγειν,
2267 1970 2388 2032 εστι

362 2070 659 2122 τοιοῦτον
704 2061 915 2141 καίπερ
961 2066 1192 2142 τραχεῖα
1237 2051 1389 2120 οὖσα
1433 2058 1781 2138 εὐνομεῖται.
1875 2058 1974 2120 διὰ
2019 2060 2078 2120 τί
2122 2057 2217 2139 δέ,
2265 2083 2385 2138 φη-
2415 2083 2473 2122 εο

364 2149 460 2211 σὶν
492 2143 885 2231 Ἀριστοτέλης
924 2142 1025 2232 (fr.
1066 2142 1250 2231 548)·
1298 2146 1500 2227 ἐπειδὴ
1538 2146 1650 2228 γὰρ
1685 2147 1935 2228 ἐχρῶντο
1975 2154 2058 2232 τῷ
2094 2153 2222 2209 θεῶ
2258 2158 2387 2222 πῶς

363 2263 441 2298 αν
492 2243 714 2317 πολλῆς
768 2248 1020 2318 ταραχῆς
1076 2237 1486 2318 ἀπαλλαγεῖεν,
1550 2235 1815 2311 ἐξέπεσεν
1870 2236 2073 2310 αὐτοῖς
2113 2237 2388 2345 χρησμὸς

363 2326 593 2399 ἑαυτοῖς
650 2326 875 2406 νόμους
932 2328 1230 2388 τίθεσθαι.
1326 2325 1418 2386 ὅτε
1476 2326 1582 2386 καί
1635 2348 1722 2398 τις
1774 2325 2032 2405 ποιμὴν,
2093 2315 2140 2409 ᾧ
2197 2325 2390 2406 όνομα

508 2523 536 2570 1
576 2512 1023 2606 ἐπιχαριζεσθαιε
1066 2516 1097 2568 b
1228 2520 1259 2567 2
1300 2514 1544 2583 ἐγκώμια
1580 2529 1710 2584 ego:
1750 2512 2022 2584 ἐκδημίαν
2132 2521 2163 2568 3
2200 2514 2238 2568 1.
2271 2516 2391 2570 mi:

364 2587 561 2650 ἄλλως·
600 2585 755 2654 νέμει
790 2585 897 2656 γὰρ
938 2586 978 2644 ss
1032 2583 1067 2654 ἢ
1107 2605 1251 2639 ουτω
1293 2587 1352 2651 Β,
1389 2601 1496 2638 om
1536 2585 1664 2639 ἀντὶ
1698 2592 1800 2638 τοῦ
1971 2593 2005 2640 4
2042 2593 2110 2657 τῇ
2150 2603 2254 2639 om.
2300 2588 2336 2641 Ε
2370 2586 2395 2676 ΙΙ

362 2658 584 2728 νέμεται
620 2674 846 2728 praem„
874 2657 981 2711 καὶ
1018 2673 1124 2711 om.
1166 2657 1203 2712 0
1365 2660 1396 2708 6
1436 2652 1560 2710 οὐδ’
1597 2655 1663 2725 ἐμ
1665 2655 1690 2710 ὲ
1726 2656 2048 2725 ψεύδεσθαι
2086 2673 2215 2727 ego:
2255 2658 2394 2712 οὐδε

362 2729 685 2808 μέμφεσθαι
724 2731 763 2784 Β
822 2727 955 2783 οὐδὲ
1000 2728 1323 2797 ψεύδεσθαι
1363 2727 1454 2784 Εο
1480 2727 1824 2816 ’ψεύδεσθαι
1862 2729 1899 2783 0
1944 2730 1964 2797 ΙΙ
2010 2727 2047 2782 l.
2090 2730 2149 2783 Ε;
2191 2727 2391 2790 ἄλλως

364 2797 585 2868 ν’έμεται
622 2797 863 2874 ἀληθείᾳ
902 2798 939 2855 0
996 2798 1193 2860 ἄλλως·
1234 2797 1388 2866 νέμει
1423 2796 1529 2867 γάρ
1569 2798 1610 2853 ss
1791 2804 1822 2851 9
1860 2799 1991 2868 περὶ
2028 2800 2071 2854 Α
2107 2802 2249 2868 (313,
2273 2800 2392 2868 25):

363 2890 406 2924 π
408 2871 505 2939 ρὸς
540 2872 738 2928 01]Εο
834 2853 953 2941 (10
990 2868 1347 2939 ἀπονέμει-
1369 2874 1434 2922 12
1473 2867 1634 2930 πόλις
1672 2869 1798 2941 0¹⁸⁸)
1930 2875 1997 2924 10
2036 2869 2396 2940 ἀπονέμει-

366 2949 430 3000 11
470 2940 631 3004 πόλις
667 2960 772 2997 om.
807 2942 843 2999 0
974 2947 1039 2995 10
1076 2961 1107 2994 τ
1110 2940 1282 3012 ραχέα
1322 2941 1359 2995 Ε
1488 2947 1551 2994 11
1591 2941 1720 2995 ἀντὶ
1754 2949 1855 2995 τοῦ
1893 2889 2280 3012 χαρίζεσθαιμε
2262 2941 2349 2997 01]
2373 2944 2392 3010 ΙΙ

360 3022 474 3068 τῶν
512 3030 618 3067 om
661 3015 697 3068 Ε
858 3019 919 3066 12
958 3012 995 3066 1.
1039 3015 1103 3068 B:
1143 3033 1193 3066 ν.
1223 3010 1596 3082 μάτρέκειαν
1624 3010 1784 3074 πόλις
1811 3018 1874 3066 Λ.
1907 3013 1950 3069 ss
2003 3011 2200 3075 ἄλλως·
2241 3011 2398 3080 νέμει

363 3083 615 3141 -πόλιν
648 3086 683 3139 Ε
731 3084 926 3146 ἄλλως·
966 3083 1191 3153 νέμεται
1217 3084 1254 3139 0
1303 3081 1478 3146 ἄλλως
1506 3085 1561 3149 Ι),
1600 3099 1707 3137 om.
1741 3089 1806 3137 13
1844 3083 1973 3138 ἀντὶ
2008 3092 2108 3138 τοῦ
2254 3089 2322 3136 13
2359 3083 2398 3152 ἡ

362 3155 523 3220 πόλις
558 3154 736 3226 λαβὰς
774 3157 813 3210 Β
979 3104 1069 3208 Mu
1082 3153 1259 3224 μέλλει
1289 3155 1329 3208 Β
1357 3156 1376 3223 ΙΙ
1405 3170 1563 3222 σφισι
1601 3154 1644 3210 ss
1806 3160 1872 3208 15
1911 3154 2151 3224 καὶγὰρ
2190 3155 2288 3209 καὶ
2328 3156 2394 3209 Βε

363 3229 461 3280 καὶ
495 3227 603 3298 γὰρ
643 3226 783 3284 οΕ0
828 3229 848 3296 ΙΙ
896 3224 1129 3315 φέρουσι
1170 3227 1205 3280 Ε
1371 3231 1438 3278 16
1474 3225 1824 3296 διὸ-βουλ.
1865 3243 1970 3280 om.
2012 3176 2094 3293 Gy!
2085 3227 2104 3295 ΙΙ
2146 3225 2264 3297 διὸ]
2301 3225 2394 3280 διὸ

365 3298 465 3350 καὶ
502 3297 586 3353 ssv
768 3302 834 3352 18
880 3295 1022 3351 οἵτ’
1066 3313 1171 3350 om.
1212 3296 1255 3353 ss
1428 3301 1600 3349 18.19
1647 3297 1686 3350 ἀ
1688 3293 1958 3365 ργίλοφον
1999 3297 2165 3354 Bam:
2203 3297 2312 3366 ἀργ
2316 3294 2394 3350 εί-

361 3371 540 3436 λοφον
580 3367 712 3424 eth
769 3368 1044 3437 ἀργύρεον
1093 3368 1179 3426 0⁸⁰
1364 3371 1428 3421 19
1475 3366 1591 3435 πὰρ
1644 3317 1924 3435 Ζεφυρίου
1971 3367 2225 3438 (0)EGh:
2271 3367 2392 3434 πὰρ

364 3435 605 3510 ζεφυρίφ
647 3440 729 3493 Βν
782 3439 1166 3508 πανζεφύριον
1206 3438 1262 3506 ss,
1299 3437 1450 3491 unde
1486 3437 1602 3506 πὰρ
1645 3437 1922 3524 Ζεφύριον
1960 3440 1993 3492 h
2021 3439 2041 3506 ΙΙ
2067 3439 2316 3508 κολώνης
2354 3439 2394 3494 0

366 3575 423 3633 ὃ
468 3491 644 3634 21Βὸ
676 3505 782 3576 Ἀρ.
824 3511 942 3564 Βῖν
1087 3515 1152 3563 23
1190 3509 1297 3580 τις]
1336 3507 1396 3562 εἴ
1422 3528 1507 3572 τις
1546 3511 1582 3564 Ε
1617 3511 1636 3578 ΙΙ
1673 3499 1716 3581 ᾧ
1745 3506 1922 3577 ὄνομα
1963 3508 2169 3578 cE(u):
2212 3459 2393 3578 ὄνομα

456 3573 528 3646 ἦν
618 3595 650 3633 v
