2646 3882
978 246 1198 318 Olymp
1227 246 1359 302 vm
1396 252 1623 303 81—91
1825 207 1834 217 ⁶
2176 246 2306 311 259

417 414 578 475 88b.
644 410 720 486 ὃς
735 415 934 501 ,τύχα
990 412 1119 494 μὲν
1167 414 1539 493 δαίμονοςε
1596 413 1753 486 ὅστις
1801 408 2157 494 Ἀλκιμέδων
2201 423 2307 495 τῆς
2336 433 2503 489 Boeo

279 512 387 564 τοῦ
435 502 720 580 δαίμονος
763 502 1036 584 εὐτυχίας
1080 502 1180 564 καὶ
1223 513 1330 583 τῆς
1378 500 1653 583 ἀνδρείας
1698 511 1803 581 τῆς
1860 502 2013 574 ἰδίας
2058 502 2133 564 ού
2180 504 2309 563 δια-

280 589 520 673 μαρτὼν
563 590 630 654 ἐν
676 589 904 672 τέτρασι
956 592 1192 653 παίδων
1247 591 1477 672 μέλεσιν
1532 590 1970 671 έναποθέμενος
2015 591 2126 669 τὴν
2172 590 2310 653 ἓαυ-

279 690 386 741 τοῦ
435 679 626 760 ἰσχὺν,
670 686 794 753 τοῖς
839 678 1148 761 ἡττηθεῖσι
1190 681 1300 759 τὴν
1348 680 1441 743 ἐπὶ
1487 681 1595 760 τὴν
1640 681 1893 761 πατρίδα
1935 678 2307 759 ἀνακομιδὴν

227 792 251 831 5
281 768 646 851 ἐχθροτάτην
690 764 843 831 εἶναι
885 771 1316 851 παρεσκεύασε,
1361 770 1462 831 καὶ
1506 769 1615 848 τὴν
1660 775 1921 850 γλῶτταν
1962 768 2160 831 αὐτων
2204 779 2309 848 τῆς

279 847 612 939 παρρησίας
667 858 966 937 ἀφείλετο,
1020 858 1120 920 καὶ
1177 859 1240 921 τὸ
1290 860 1551 939 βάδισμα
1595 860 1855 939 κρύφιον
1899 857 2000 919 καὶ
2046 856 2310 939 ἀπαρρη-

280 948 521 1009 σίαστον
574 949 884 1027 πεποίηκε·
938 958 1181 1011 τοιαῦτα
1233 971 1345 1030 γαρ
1401 947 1469 1009 τὰ
1523 957 1641 1008 τῶν
1694 944 2046 1027 ἡττωμένων
2096 946 2308 1027 ἀτυχή-

280 1061 448 1116 ματα.
604 1057 650 1097 ο.
705 1034 922 1110 αλλως·
990 1036 1146 1109 ὅστις
1201 1047 1305 1117 τῆς
1361 1047 1465 1099 τοῦ
1524 1037 1807 1116 δαίμονος
1862 1036 2133 1115 εὐτυχίας
2197 1035 2303 1116 οὐχ
2333 1054 2501 1110 aceo

277 1123 652 1205 ἁμαρτήσας,
726 1124 837 1187 οὐκ
902 1125 1213 1207 ἀποτυχὼν
1277 1123 1343 1187 δὲ
1419 1123 1557 1187 οὐδὲ
1622 1134 1726 1204 τῆς
1792 1125 1947 1198 ἰδίας
2012 1124 2309 1206 ἀνδρείας,

198 1236 251 1277 10
279 1213 566 1293 ἐνίκησεν.

417 1308 572 1365 908..
637 1302 712 1365 έν
758 1301 1039 1384 τέτρασι
1082 1302 1387 1364 παίδωνε
1438 1301 1701 1365 τουτέστι
1753 1302 2033 1383 τέσσαρας
2086 1303 2306 1375 παῖδας
2337 1322 2503 1378 Boeo

280 1390 510 1471 ἐνίκησε
564 1392 665 1453 καὶ
718 1391 993 1471 ἐποίησεν
1049 1392 1156 1473 οὐχ
1208 1389 1399 1471 ἡδέως
1454 1392 1657 1454 οικαδε
1711 1390 2137 1471 ἀπονοστῆσαι,
2202 1402 2307 1470 τῆς

278 1482 449 1559 νίκης
495 1481 800 1561 στερήσας·
848 1481 1028 1543 οἱονεὶ
1076 1490 1272 1555 κακῶς
1318 1479 1706 1593 ἀπέπεμψεν
1748 1479 1827 1554 ὡς
1874 1479 2153 1562 τέσσαρας
2200 1480 2308 1541 αὐ-

275 1580 383 1631 τοῦ
441 1569 960 1651 καταβεβληκότος.
1106 1572 1162 1631 b.
1223 1569 1566 1649 ἀπεθήκατο
1636 1561 1747 1632 οὖν
1808 1570 1891 1643 εἰς
1958 1568 2028 1631 τὰ
2085 1575 2225 1651 γυῖα
2254 1588 2497 1645 Β(ο)υεο

199 1679 251 1720 15
280 1658 475 1720 αὐτῶν
533 1668 650 1719 τῶν
713 1657 1167 1740 ἀγωνισαμένων
1230 1660 1389 1745 αύτῷ
1450 1658 1559 1738 τὴν
1619 1660 1780 1720 ἰδίαν
1842 1660 2125 1738 δύναμιν
2192 1658 2307 1721 ἀπὸ

282 1756 388 1808 τοῦ
434 1753 1067 1828 παρακολουθοῦντος,
1123 1747 1394 1827 ἐνίκησεν
1441 1749 1691 1828 αὐτοὺς,
1736 1747 1835 1810 καὶ
1880 1746 2156 1827 ἐποίησεν
2202 1748 2309 1809 αύ-

279 1844 397 1896 τῶν
452 1834 554 1897 τὸν
611 1836 823 1899 νόστον
879 1837 1180 1918 ἔχθιστον·
1244 1839 1306 1900 οἰ
1353 1837 1466 1919 γὰρ
1521 1836 1867 1952 νικηθέντες
1923 1836 2063 1899 ὅταν
2110 1838 2309 1898 οἴκαδε

279 1922 555 2005 ἀπίωσιν,
599 1924 668 1987 ἐν
711 1927 1002 2012 κατηφεία
1047 1927 1213 1991 εἰσίν.
1350 1949 1399 1990 ο.
1446 1926 1631 2009 ἐχθρὰ
1678 1918 1791 1990 ουν
1838 1926 2042 2001 αυτοῖς
2084 1923 2123 2005 ἡ
2164 1925 2309 1988 ἀνα-

279 2014 520 2093 κομιδή·
569 2015 642 2077 ού
677 2039 789 2096 γαρ
828 2016 932 2079 τὸν
969 2011 1098 2077 κατ’
1133 2015 1312 2096 εὐχὴν
1350 2016 1564 2078 νόστον
1602 2015 1856 2098 ἔχουσιν,
1897 2010 2024 2078 ἀλλ’
2057 2014 2307 2096 ἀπεχθῆ.

197 2126 252 2165 εο
419 2105 578 2167 90d.
643 2103 1056 2183 ἀπεθήκατο
1102 2107 1367 2186 γυίοις·
1415 2104 1758 2184 ἀπεθήκατο
1804 2111 1926 2179 τοῖς
1961 2107 2154 2187 γυίοις
2190 2114 2365 2166 τῶνΑ

282 2190 733 2272 ἀνταγωνιστῶν
779 2193 888 2272 τὴν
935 2194 1095 2254 ἰδίαν
1142 2194 1424 2274 δύναμιν,
1468 2192 1764 2256 τουτέστιν
1810 2193 1925 2256 ἀπὸ
1971 2205 2077 2257 τοῦ
2118 2216 2307 2276 παρα-

279 2285 725 2354 κολουθοῦντος
771 2283 834 2343 τὸ
882 2281 1114 2361 ἐνίκησε
1161 2278 1214 2343 δ’
1251 2282 1352 2345 καὶ
1397 2281 1673 2363 ἐποίησεν
1712 2283 1908 2345 αὐτῶν
1944 2284 2048 2345 τὸν
2094 2283 2307 2346 νόστον

279 2367 568 2450 ἔχθιστον.

417 2462 573 2520 918..
656 2458 918 2521 νόστον
983 2459 1347 2542 ἔχθιστον·
1421 2457 1553 2522 ἀντὶ
1623 2470 1730 2521 τοῦ
1803 2461 2016 2573 φήμην
2079 2460 2271 2539 κακὴν
2309 2478 2519 2534 aeneo

193 2571 246 2611 25
275 2546 514 2626 ἐποίησε
578 2541 719 2627 παρ’
771 2548 997 2621 αὐτοῖς
1073 2547 1312 2622 εκαστος
1375 2547 1486 2661 γὰρ
1542 2557 1659 2611 τῶν
1716 2547 1991 2631 ὁρώντων
2055 2548 2149 2610 ἐπὶ
2201 2559 2307 2629 τῆς

272 2637 553 2718 γλώττης·
603 2629 778 2710 οὗτός
821 2636 980 2698 ἐστιν
1028 2635 1058 2698 ὁ
1106 2638 1457 2717 νενικηκώς,
1501 2636 1784 2719 ἐπιφέρει.

418 2795 449 2844 3
494 2789 716 2858 τέταρσι
756 2790 900 2848 1)Εο
1078 2799 1111 2848 4
1156 2791 1258 2861 τὴν
1307 2793 1461 2860 (ante
1498 2793 1683 2862 πατρ.)
1732 2809 1837 2846 om.
1880 2792 1916 2845 Ε
2097 2797 2128 2844 6
2174 2794 2305 2861 post

274 2859 536 2931 ἀφείλετο
575 2861 704 2915 add
744 2863 842 2916 καὶ
877 2862 940 2917 τὸ
979 2863 1223 2932 κρύφιον
1261 2864 1449 2918 αὐτῶν
1475 2871 1575 2933 τῆς
1600 2860 1913 2952 παρρησίας
1940 2860 2198 2930 ἀφείλετο
2231 2863 2305 2936 ΕΙΙ

271 2932 556 3002 κρύφαιον
597 2935 633 2988 Ε
787 2939 888 3002 Ἷγ
856 2933 961 3002 γὰρ
1004 2936 1117 2990 ΒΕ.
1157 2951 1263 2989 om.
1305 2937 1343 2990 D
1392 2933 1455 2990 δὲ
1494 2935 1535 2991 0.
1690 2939 1755 2987 10
1795 2930 2047 3001 ἐνίκησεν
2086 2935 2150 2988 B:
2191 2932 2302 2988 ἐνί-

269 3021 470 3130 κῖσεγ
439 3003 544 3074 γὰρ
584 3004 727 3061 (1Εο
937 3011 999 3059 11
1039 3005 1075 3060 1.
1116 3023 1221 3060 om.
1263 3005 1300 3061 0
1348 3008 1367 3075 ΙΙ
1409 3005 1633 3074 τέτρασι
1673 3007 1737 3060 B:
1774 3003 1935 3074 τέτ(τ)
1916 3007 2068 3074 )αρσι
2107 3004 2305 3133 ῠΕὓᾶΙ

331 3075 562 3147 σσαρας]
601 3075 687 3130 δ’.
749 3075 916 3144 .(lac
973 3078 1009 3131 Ε
1121 3083 1186 3132 12
1226 3076 1634 3170 ἀπονοστήσειν
1666 3076 1701 3132 0
1749 3074 2243 3143 ἀπονοστήσαντας

416 3153 480 3201 13
518 3145 811 3218 τέσσαρας]
850 3149 909 3200 δι
1143 3155 1208 3204 14
1247 3145 1351 3202 οὖν
1450 3156 1555 3202 οῦν
1586 3150 1666 3203 BV
1806 3153 1870 3203 15
1907 3145 2301 3237 ἠγωνισμένων

271 3218 445 3272 αὐτοῦ
486 3220 522 3273 Ε
698 3223 763 3271 16
803 3215 1064 3287 ἐνίκησας
1101 3220 1194 3276 110.
1237 3220 1256 3288 R
1303 3149 1445 3274 ἐποῖ
1431 3237 1571 3288 ησας
1610 3219 1703 3277 Dss
1865 3225 1930 3273 17
1970 3216 2221 3301 ἐχθίωνα
2262 3222 2299 3275 Ι)

273 3285 447 3358 ἐχθίω
477 3288 562 3358 (111
591 3287 815 3343 ὅταν-
837 3295 903 3344 18
942 3287 1181 3344 ἀπίωσιν
1213 3293 1344 3359 post
1372 3241 1513 3345 εἰσίν
1545 3290 1639 3346 Du
1748 3296 1956 3345 18—19
1985 3307 2046 3342 m
2074 3291 2184 3344 ἀπε
2218 3295 2301 3359 θή

269 3357 471 3414 νόστον
509 3360 726 3430 ἔχοντες
763 3361 1044 3415 contraxit
1083 3363 1120 3416 Ι)
1268 3367 1338 3415 20
1376 3361 1522 3434 (ἐν)
1550 3369 1702 3424 vote?
1742 3361 2048 3415 Schroeder
2074 3364 2092 3430 ΙΙ
2120 3381 2189 3431 γυ
2217 3381 2301 3424 οις

269 3430 413 3500 (alt.)
449 3380 760 3486 Mommsen
797 3431 981 3502 suppl.
1020 3450 1075 3501 p.
1109 3436 1235 3486 116·
1273 3432 1423 3495 υἱοῖς
1603 3438 1668 3486 22
1706 3432 1768 3486 τὸ
1807 3431 1871 3485 ft.
1913 3431 2131 3485 delend

269 3508 339 3557 24
375 3502 413 3556 l.
478 3501 811 3572 ἀτιμοτέραν
858 3507 1110 3574 γλῶσσαν
1148 3503 1186 3559 0
1223 3505 1376 3558 recte
1558 3509 1625 3557 25
1665 3501 1889 3572 ἐποίησε
1934 3499 2071 3569 παρ’
2108 3503 2299 3561 αὐτοῖς

501 3575 522 3642 ΙΙ
567 3572 834 3644 ἐποίησας
850 3578 909 3628 -Β
952 3578 972 3645 ΙΙ
1015 3594 1129 3644 παρ
1139 3571 1387 3638 ἀὐτούς
1423 3573 1604 3629 Bothe
1640 3573 1851 3628 Pindar
1878 3579 1929 3640 2,
1965 3591 2019 3661 p.
2050 3576 2117 3623 47

268 3591 360 3700 26
368 3646 677 3714 νενικηκὼς
707 3646 849 3704 ΒΕΩ
879 3648 1051 3716 (quod
1079 3664 1191 3701 non
1218 3646 1537 3716 intellego);
1567 3645 1831 3714 ἡττηθεὶς
1860 3643 1895 3699 0
1932 3642 2035 3710 τὴν
2064 3635 2235 3704 ἧτταν
2256 3638 2293 3691 Ι)

1875 3730 1976 3782 17*
