2646 3882
1039 245 1256 315 olymp.
1291 246 1320 299 1
1365 251 1593 300 24—33
2241 247 2325 312 27

306 411 526 473 ἔκειντο
572 412 642 471 αἱ
681 412 957 494 κυθάραι·
1012 411 1109 473 καὶ
1138 409 1403 496 ’Όμηρος
1450 407 1519 496 (α
1566 408 1750 496 44Ο)·
1810 415 2085 500 πασσάλω
2132 413 2327 525 ἐγκρε-

306 502 518 580 μάσας·
583 499 684 562 διὰ
739 501 802 562 τὸ
859 524 1093 580 ετοιμον
1147 496 1300 563 εἶναι
1344 503 1429 575 είς
1472 502 1537 564 τὸ
1584 501 1919 583 ἀναλαβεῖν.
2067 505 2106 563 i.
2152 500 2193 583 ἢ
2240 505 2327 564 ὅτι

303 587 384 663 ὡς
429 587 720 668 ἀνάθημα
763 589 828 650 ἔν
874 613 990 652 τινι
1035 589 1194 674 τόπῳ
1239 601 1346 652 τοῦ
1394 592 1562 653 οἴκου
1608 591 1925 654 ἀνάκειται.

439 681 597 738 282.
663 677 726 740 τὸ
784 681 1012 752 Πίσας
1068 677 1131 740 δὲ
1195 678 1543 741 συσταλτέον
1613 680 1713 741 διὰ
1774 680 1841 742 τὸ
1904 679 2324 761 ἀντίστροφον·
2354 698 2480 755 uuo

251 786 275 827 5
304 768 458 829 οὕτω
487 765 551 829 δὲ
579 768 643 829 οἱ
664 767 797 848 περὶ
825 768 1137 848 Πίνδαρον
1163 768 1264 829 καὶ
1291 770 1644 848 Σιμωνίδην
1670 763 1769 853 (fr.
1797 765 1973 854 247).
2109 772 2164 830 b.
2192 769 2325 850 περὶ

301 852 366 917 δὲ
410 865 516 935 τῆς
561 858 790 936 Πίσης,
836 857 924 918 ότι
967 857 1144 930 τόπος
1190 855 1256 917 ἐν
1285 854 1492 918 ”Ηλιδι
1536 857 1653 920 ’ὑπὸ
1699 858 1953 939 ὑψηλῶν
1991 856 2191 938 όχθων
2227 881 2323 919 πε-

301 945 656 1026 ριεχόμενος,
692 943 981 1022 Πολέμων
1015 966 1182 1019 (ΒΗΘ
1207 968 1258 1007 Π
1287 967 1385 1018 121)
1418 948 1621 1025 φησίν.
1776 969 1823 1010 ο.
1871 947 2020 1009 ἔνιοι
2064 944 2129 1008 δὲ
2177 946 2323 1008 ὑπο·
2351 964 2433 1020 no

298 1033 610 1115 συγχέουσι
663 1057 773 1112 την
821 1036 1018 1096 Πίσαν
1062 1034 1163 1096 καὶ
1214 1035 1326 1114 τὴν
1376 1024 1584 1115 Ἦλιν,
1638 1035 1749 1098 οὐκ
1804 1035 2004 1117 ὀρθῶς
2051 1033 2139 1096 δὲ·
2182 1037 2192 1112 Ι
2234 1036 2322 1096 δι-
2352 1053 2477 1111 uuo

299 1121 504 1201 ἔστηκε
557 1121 669 1204 γὰρ
723 1117 820 1184 ἀπ’
869 1121 1134 1203 ἀλληλων
1186 1125 1258 1186 τὰ
1311 1126 1495 1206 χωρία
1548 1126 1803 1188 σταδίων
1864 1124 2245 1202 πεντήκοντα.

217 1231 270 1270 ιο
295 1213 353 1272 d.
412 1209 745 1292 ὠνόμασται
803 1209 866 1273 δὲ
921 1214 1083 1274 Πίσα
1146 1211 1261 1274 ἀπὸ
1325 1222 1431 1294 τῆς
1495 1215 1689 1293 Πίσης
1752 1223 1855 1295 τῆς
1915 1209 2320 1293 Ἐνδυμίωνος

425 1323 616 1381 ατρος.
739 1333 746 1340 ·

294 1307 518 1450 θυγ28
539 1409 586 1451 e.
660 1387 1068 1470 ἀναλάμβανε,
1121 1383 1168 1451 ὦ
1213 1391 1510 1472 Πίνδαρε,
1554 1391 1665 1470 τὴν
1709 1393 1949 1474 Δωρίαν
1994 1389 2315 1472 φόρμιγγα,
2345 1409 2473 1465 nuo

294 1477 397 1539 καὶ
443 1478 617 1558 ὕμνει
652 1478 755 1540 τὸν
795 1478 1116 1559 Φερένικον
1152 1480 1339 1542 ἵππον
1374 1490 1479 1542 τοῦ
1510 1477 1775 1561 Ἱέρωνος
1809 1480 1910 1542 καὶ
1944 1480 2057 1559 τὴν
2094 1481 2315 1558 Πίσαν,

293 1568 352 1628 εἰ
400 1565 516 1648 ἄρα
580 1583 677 1628 σοι
727 1564 766 1645 ἡ
821 1570 1048 1629 τούτων
1098 1569 1264 1649 χάρις
1321 1567 1423 1630 τὸν
1480 1578 1630 1630 νοῦν
1685 1567 2012 1652 ηὔφρανεν.
2165 1571 2204 1628 f.
2249 1569 2325 1646 ,εἴ
2346 1585 2430 1641 no

213 1674 265 1715 15
293 1657 426 1717 τινά
471 1673 568 1718 σοι
611 1653 651 1736 ἡ
697 1657 858 1718 Πίσα
911 1656 1013 1718 καὶ
1068 1654 1099 1718 ὅ
1161 1657 1477 1740 Φερένικος
1532 1658 1779 1738 νικήσας
1832 1658 2077 1738 παρέσχε
2122 1657 2315 1738 λόγων

293 1744 598 1824 εὐπορίαν.

429 1838 579 1895 293..
634 1833 752 1895 καὶ
802 1835 1196 1916 Φερενίκου
1241 1835 1469 1916 χάριςι
1517 1835 1705 1915 ὄνομα
1750 1845 1856 1897 τοῦ
1902 1835 2255 1914 νικήσαντος
2282 1851 2534 1907 Aenean

295 1923 502 1985 ἵππου.
653 1923 708 1983 b.
759 1920 790 1983 ὁ
838 1921 900 1985 δὲ
946 1933 1120 1997 νοῦς·
1174 1923 1238 1986 εἴ
1271 1925 1333 1986 τί
1374 1943 1499 2004 σοι,
1543 1918 1589 1987 ὦ
1635 1922 1823 2006 θυμὲ,
1877 1923 1915 2004 ἡ
1973 1934 2077 1987 τοῦ
2132 1925 2315 1987 ἵππου

295 2012 397 2073 καὶ
432 2022 538 2093 τῆς
575 2013 772 2092 Πίσης
809 2014 973 2094 χάρις
1014 2013 1113 2075 τὸν
1149 2023 1299 2075 νοῦν
1336 2014 1453 2075 υπὸ
1488 2015 1876 2095 γλυκυτάταις
1909 2014 2091 2093 ἔθηκε
2128 2037 2314 2095 φρον-

210 2118 268 2158 2⁰
293 2102 466 2162 τίσιν.
541 2118 634 2163 εεε
779 2121 826 2162 ο.
881 2102 1044 2182 χάρις
1101 2100 1164 2163 δὲ
1219 2126 1258 2181 η
1304 2101 1401 2164 ἐπὶ
1445 2113 1516 2187 τη
1561 2104 1700 2189 νίκῃ
1746 2100 1963 2182 ἡδονή·
2020 2104 2313 2184 φροντίδα
2345 2126 2419 2171 Ac

296 2188 362 2251 δὲ
405 2188 560 2271 λέγει
603 2198 708 2251 τοῦ
753 2188 1046 2252 ἐπινικίου
1089 2190 1199 2269 τὴν
1245 2190 1475 2266 σκέψιν.

428 2282 510 2340 32
536 2300 585 2340 a.
662 2277 772 2339 ὅτε
809 2272 958 2360 παρ’
994 2274 1277 2365 Ἀλφεῷε
1323 2280 1391 2341 ἐν
1420 2278 1646 2341 ’Ήλιδν
1694 2278 1725 2341 ὅ
1763 2279 1875 2362 γὰρ
1906 2275 2150 2357 Ἀλφεὸς
2186 2279 2251 2342 ἕν
2279 2303 2528 2360 noento

283 2362 569 2476 Ἀρκαδία
611 2366 715 2441 τὰς
759 2366 953 2448 πηγὰς
998 2368 1138 2449 εχει,
1181 2368 1283 2430 καὶ
1328 2363 1424 2429 ἀπ’
1474 2368 1658 2449 αυτῆς
1700 2367 2021 2449 ἀρχόμενος
2056 2378 2321 2452 περιρρεῖ

287 2456 389 2517 καὶ
415 2456 529 2536 τὴν
534 2429 736 2517 ‘'le.
845 2458 900 2517 b.
932 2458 1072 2519 σύτο
1095 2454 1236 2537 δὲ,’”
1207 2458 1375 2538 ὥρμα
1396 2457 1543 2539 πρὸς
1563 2458 1665 2519 τὸν
1684 2458 1923 2539 δρόμον.
1953 2478 2044 2520 aaa
2062 2478 2158 2521 zoe
2181 2479 2279 2522 ΜΕ
2315 2482 2522 2539 nanzo

209 2561 262 2602 ει
427 2548 508 2605 32
534 2566 580 2607 o.
648 2538 898 2629 (σύτοε)
947 2546 1128 2627 ὥρμα.
2345 2562 2422 2614 3⁸1

426 2637 580 2695 33a.
641 2633 1030 2715 ἀκέντητον
1074 2634 1148 2696 ἐν
1196 2635 1597 2715 δρόμοισινε
1644 2633 1995 2715 ἀμάστικτον
2030 2636 2188 2723 αὐτῷ
2226 2644 2571 2723 τῷΑΒουεο

433 2811 464 2859 9
504 2804 602 2860 cfr.
642 2804 756 2859 sch.
797 2804 857 2858 Ο.
899 2811 982 2873 10,
1012 2811 1077 2861 51
1093 2821 1140 2859 a.
1191 2807 1306 2861 55b
1453 2786 1520 2860 ιο
1560 2806 1673 2860 sch.
1712 2806 1941 2861 Theoor.
1980 2813 2031 2875 4,
2062 2814 2127 2861 29

434 2989 464 3036 1
506 2982 708 3037 debuit
743 2982 938 3037 afferre
975 2987 1021 3037 θ
1057 2989 1276 3045 67.105
1322 2985 1343 3053 ΙΙ
1386 2983 1767 3054 ἐγκρεμάσασα
1796 2985 1852 3037 et
1880 2985 2105 3056 ἀγκρεμ.
2146 2987 2308 3041 codd.

285 3054 448 3109 Hom.
488 3051 865 3143 ἀγκρεμάσασ’
910 3056 942 3108 ΙΙ
1069 3060 1100 3107 2
1140 3051 1395 3124 ἑτοίμους
1430 3070 1462 3109 v
1580 3062 1610 3108 3
1650 3055 1976 3111 ἀνάκεινται
2014 3074 2044 3111 ν
2152 3065 2186 3112 4
2222 3059 2309 3130 δὲ]

282 3144 342 3180 τε
377 3140 412 3180 v
557 3130 590 3178 ὅ
629 3122 1193 3215 ουτω-Σιμωνίδην
1231 3143 1338 3180 om.
1381 3129 1417 3182 D
1447 3128 1465 3195 ΙΙ
1492 3126 1647 3194 παρὰ
1684 3126 1955 3201 Πινδάρω
1992 3129 2090 3182 καὶ
2127 3132 2313 3199 Σιμω-
2323 3187 2342 3203 ·

285 3194 442 3269 νιδῃε
480 3195 655 3249 Pauw
783 3202 814 3249 6
853 3216 939 3251 οτι
977 3195 1006 3250 ὁ
1043 3196 1214 3258 τόπος
1253 3200 1336 3251 Dv
1454 3203 1485 3249 9
1524 3196 1771 3261 σταδίοις
1805 3214 1837 3252 ν
1968 3205 2175 3255 12-14
2214 3200 2310 3255 cfr.

286 3267 399 3321 sch.
440 3266 634 3321 Thom.
678 3271 763 3332 63
795 3272 860 3321 18
897 3266 1001 3321 Ab.
1177 3274 1244 3322 14
1282 3267 1455 3331 ἄλλως
1492 3270 1623 3323 ante
1661 3269 1710 3323 εἰ
1752 3270 1879 3324 add.
1913 3270 1994 3326 ssv
2175 3277 2241 3324 15
2281 3270 2311 3325 ὁ

287 3355 394 3393 om.
430 3338 512 3395 (lv
643 3343 709 3391 17
742 3338 805 3410 l.]
839 3336 1134 3405 Φερένικος
1155 3338 1198 3395 G
1269 3336 1568 3407 Φερενίκου
1605 3339 1767 3410 χάρις
1796 3343 1831 3395 Ε
1949 3346 2013 3393 17
2054 3340 2313 3411 ὄνομα-

289 3414 356 3463 18
393 3418 532 3471 νοῦς
557 3426 664 3463 om.
699 3411 736 3463 D
853 3414 992 3479 18η
971 3409 1180 3466 Essv:
1212 3426 1317 3463 om.
1438 3415 1505 3463 22
1544 3410 1624 3463 ab
1665 3408 1769 3465 ὅτε
1804 3411 2059 3480 incipiss
2094 3412 2132 3464 f.
2166 3420 2193 3464 1
2228 3415 2267 3465 Β
2294 3412 2313 3482 Η

287 3479 326 3533 l.
371 3497 478 3535 om.
521 3480 586 3536 0¹
619 3483 642 3551 ss
679 3498 767 3535 οτε
814 3496 918 3535 om.
955 3430 1090 3537 AG*
1251 3486 1318 3533 23
1376 3481 1548 3550 αυτῆς
1594 3482 1656 3535 G:
1714 3482 1898 3535 αὐτῶν
1941 3481 2056 3550 (-ὸν
2104 3483 2160 3549 Ε)

289 3557 359 3604 24
405 3552 536 3606 σύτο
575 3552 637 3605 δὲ
676 3552 743 3607 A:
784 3552 914 3607 συτο
953 3554 1126 3621 δέμας
1305 3558 1373 3605 26
1414 3552 1473 3607 ἐν
1510 3549 1799 3621 δρόμοισιν
1836 3555 1903 3607 A:
1944 3567 2048 3604 om.
2097 3553 2115 3619 ΙΙ
2160 3552 2311 3620 αὐτῷ

291 3622 646 3694 axv-vem?
686 3624 858 3678 αὐτου
