2646 3882
993 1095 1162 1168 Βίος
1207 1093 1597 1176 Πινδάρου.

411 1237 722 1318 Πίνδαρος
760 1233 791 1298 ὅ
829 1235 1080 1316 ποιητὴς
1122 1228 1461 1316 Θηβαῖος
1423 1261 1501 1316 ην
1528 1236 1593 1298 ἐκ
1627 1238 2099 1315 Κυνοκεφᾶλων·
2138 1238 2306 1321 κώμη

257 1311 342 1387 δέ
369 1325 493 1388 ἔστι
518 1325 820 1406 Θηβαῖκή·
858 1325 989 1400 υίὸς
1017 1323 1081 1386 δὲ
1099 1325 1473 1406 Δαϊφάντου,
1502 1325 1648 1386 κατὰ
1676 1320 1731 1386 δ’
1764 1326 1961 1399 ἐνίους
1988 1327 2307 1410 Παγώνδα.

273 1413 427 1476 ἔνιοι
476 1411 541 1475 δὲ
586 1415 960 1476 Σκοπελίνου
1007 1413 1191 1474 αυτὸν
1235 1419 1673 1496 γενεαλογοῦσι,
1719 1413 1871 1489 τινὲς
1909 1413 1971 1477 δὲ
2008 1415 2111 1476 τὸν
2148 1421 2307 1477 Σκο-

273 1509 523 1565 πελῖνον
549 1502 827 1585 πατρωὸν
853 1502 1038 1564 αὐτοῦ
1065 1501 1345 1584 γενέσθαι
1372 1501 1472 1564 καὶ
1500 1502 1811 1583 αὐλητὴν’
1793 1503 1935 1565 όντα
1961 1505 2072 1584 τὴν
2099 1504 2307 1586 τέχνην

221 1613 246 1652 5
276 1587 532 1665 διδάξαι.
622 1591 840 1673 μητρὸς
895 1589 959 1652 δὲ
1011 1591 1365 1670 Κλεοδίκης·
1428 1593 1493 1653 οἷ
1532 1589 1595 1652 δὲ
1640 1593 1947 1672 Κληδίκης
1990 1594 2306 1676 γράφουσι.

273 1687 421 1754 παῖς
478 1679 543 1742 δὲ
599 1705 685 1741 ων
731 1679 762 1741 ὅ
808 1680 1142 1762 Πίνδαρος,
1203 1678 1281 1753 ὣς
1339 1679 1693 1759 Χαμαιλέων
1737 1681 1836 1742 καὶ
1869 1678 2093 1765 Ἴστρος
2139 1683 2307 1763 φασὶ,

275 1769 412 1853 περὶ
460 1769 564 1831 τὸν
601 1761 892 1830 Ἑλικῶνα
935 1775 1220 1852 θηρῶντα
1265 1768 1448 1830 αὐτὸν
1492 1769 1611 1831 ’ὑπὸ
1656 1776 1878 1832 πολλοῦ
1922 1772 2187 1851 καμάτου
2224 1773 2307 1848 εἰς

274 1859 475 1921 ὕπνον
511 1864 966 1939 κατενεχθῆναι,
1011 1857 1388 1938 κοιμωμένου
1425 1855 1488 1919 δὲ
1526 1857 1711 1921 αὐτοῦ
1748 1855 2023 1939 μέλισσαν
2058 1867 2139 1945 τῷ
2177 1861 2307 1922 στό-

277 1972 417 2029 ματι
463 1951 955 2031 προσκαθίσασαν
999 1950 1176 2030 κηρία
1220 1958 1482 2029 ποιῆσαι.
1574 1950 1638 2011 οἱ
1686 1948 1751 2010 δέ
1796 1968 1980 2027 φασιν
2027 1950 2114 2012 ὅτι
2159 1948 2305 2063 όναρ

198 2058 248 2097 10
275 2032 507 2101 εἶδεν“
475 2062 555 2111 ως
591 2036 818 2116 μέλιτος
842 2036 942 2098 και
967 2046 1158 2120 κηροῦ
1195 2043 1411 2120 πλῆρες
1446 2032 1599 2099 εἶναι
1637 2038 1823 2099 αὐτοῦ
1859 2039 1923 2099 τὸ
1960 2038 2172 2118 στόμα,
2208 2064 2306 2102 και

275 2126 374 2189 ἐπὶ
419 2126 742 2205 ποιητικὴν
787 2126 1024 2209 ἔτραπη.
1116 2126 1472 2187 διδασκαλον
1528 2124 1590 2187 δὲ
1646 2126 1831 2187 αυτοῦ
1871 2121 2203 2239 ᾈθηνησιν
2250 2130 2307 2189 οἱ

275 2214 385 2295 μὲν
415 2209 812 2296 Ἀγαθοκλέα,
859 2216 924 2275 οἷ
963 2212 1026 2275 δὲ
1055 2208 1499 2297 Ἀπολλόδωρον
1536 2212 1893 2296 λέγουσιν,
1880 2214 1951 2276 ὂν
1996 2216 2094 2276 καὶ
2138 2226 2307 2298 προϊ-

275 2304 571 2383 στάμενον
616 2305 874 2365 κυκλίων
929 2312 1120 2385 χορῶν
1165 2302 1592 2383 ἀποδημοῦντα
1636 2312 1939 2364 πιστεῦσαι
1984 2305 2093 2383 τὴν
2140 2306 2306 2365 διδα-

277 2394 527 2454 σκαλίαν
573 2398 653 2477 τῷ
693 2392 977 2478 Πινδάρω
1023 2391 1192 2453 παιδὶ
1239 2390 1393 2471 όντι,
1446 2391 1551 2452 τὸν
1607 2389 1670 2452 δὲ
1716 2384 1783 2453 εὗ
1830 2392 2305 2471 διακοσμήσαντα

203 2501 250 2542 15
277 2481 602 2562 διαβόητον
645 2480 939 2562 γενέσθαι.
1029 2480 1264 2563 ἔρεισμα
1310 2478 1373 2542 δὲ
1428 2490 1533 2560 τῆς
1571 2474 1851 2554 Ελλάδος
1895 2480 2080 2543 εἰπὼν
2120 2476 2305 2561 Ἀθή-

276 2595 385 2645 νας
441 2564 544 2652 (fr
587 2567 699 2651 76)
761 2569 1065 2649 ἐζημιώθη
1121 2569 1239 2631 ὑπὸ
1302 2571 1585 2649 Θηβαίων
1639 2571 1848 2651 χιλίαις
1904 2570 2255 2652 δραχμαῖς
2234 2596 2305 2645 ας

425 2748 454 2795 1
496 2740 574 2794 St.
603 2740 734 2809 Byz.
763 2740 951 2803 Κυνὸς
976 2737 1218 2809 κεφαλαί
1370 2746 1401 2794 6
1441 2738 1603 2795 Paua.
1636 2746 1686 2807 9,
1714 2746 1797 2806 23,
1820 2746 1869 2794 2.
1917 2740 2178 2796 philost-r.
2208 2742 2301 2795 im.

279 2818 328 2878 2,
360 2818 445 2865 12.
503 2812 624 2865 Ael.
654 2830 704 2865 V.
733 2812 786 2864 h.
821 2817 903 2878 12,
933 2817 1018 2865 45.
1041 2760 1243 2865 φ.Αῑιτ11
1275 2811 1431 2865 Plan.
1466 2818 1567 2867 305
1673 2782 1747 2865 '15
1774 2784 1938 2866 I’socr.
1968 2832 2071 2881 περ
2076 2814 2301 2867 ὶάντιδ.

283 2883 710 3024 ἓξθῂὲᾼᾶεεὲἓξ
741 2899 826 2953 ep.
846 2890 897 2951 4,
918 2889 950 2936 2
972 2900 1050 2951 sq.
1107 2883 1272 2937 Paua.
1305 2888 1353 2950 1,
1384 2888 1433 2950 8,
1456 2889 1504 2936 4.
1560 2883 1785 2937 Tzetzes
1816 2884 1889 2937 ad
1916 2883 2045 2938 HeS.
2041 2834 2177 2954 ρ.ΟΡ
2199 2890 2302 2938 412

420 3114 616 3168 Vitam
653 3113 844 3167 Ambr.
881 3113 1095 3183 primus
1135 3114 1314 3167 edidit
1350 3114 1399 3167 J.
1431 3114 1493 3169 G.
1527 3113 1835 3169 Schneider
1871 3116 2001 3169 anbe
2029 3114 2303 3168 Nicandri

283 3183 554 3239 Theriaea
592 3202 624 3239 e
661 3185 783 3239 cod.
815 3184 1072 3252 Vratisln
1127 3201 1188 3239 re
1229 3184 1359 3239 etiit
1403 3188 1533 3255 post
1582 3185 1929 3239 Boeokhium
1978 3185 2034 3239 Ο.
2074 3185 2135 3239 Ε.
2176 3185 2299 3239 Chr.

287 3253 588 3311 Schneider
615 3273 742 3327 app.
771 3255 932 3309 Pind.
965 3256 1144 3327 suppl.
1177 3260 1196 3325 (
1248 3256 1426 3309 ratisl.
1469 3259 1627 3327 1844)
1663 3276 1717 3327 p.
1748 3264 1817 3311 44
1954 3263 1983 3310 1
2023 3260 2301 3311 Κυνοσκε-

289 3330 477 3394 φαλῶν
519 3330 550 3383 h
589 3326 658 3382 cl.
701 3327 890 3397 Steph.
930 3327 1014 3395 By
1017 3345 1060 3381 z.
1101 3346 1143 3381 s.
1173 3346 1220 3379 v.
1263 3326 1339 3397 (οἱ
1367 3326 1763 3417 Κυνοκέφαλοι
1799 3328 1976 3397 Euat.)
2122 3334 2157 3380 4
2193 3346 2301 3380 πα-

287 3399 457 3466 τρωὸν
499 3401 531 3453 h
563 3398 814 3469 (πάτρων
843 3397 952 3453 εἴτε
989 3398 1252 3467 πατρωὸν
1281 3399 1790 3467 Ευει13.)επάτρωον
1935 3405 1966 3451 5
2004 3394 2302 3465 Κλειδίκης

289 3466 452 3535 Eunt„
481 3470 579 3523 vit.
611 3471 791 3536 metr„
821 3470 1008 3523 recte?
1121 3475 1150 3523 7
1179 3472 1513 3537 θεριοῢντος
1536 3487 1627 3539 ap.
1658 3470 1812 3523 Euat
1844 3471 1916 3537 (p.
1950 3473 2143 3533 22,19
2173 3467 2299 3535 Ab.)

293 3538 353 3607 cj-
391 3541 582 3612 Unger
619 3541 793 3595 Theb.
831 3556 950 3610 par.
988 3560 1042 3611 p.
1085 3545 1187 3595 190
1336 3546 1403 3593 10
1449 3536 1597 3595 εἶναι
1646 3542 1712 3595 A:
1752 3559 1846 3609 γγε
1850 3538 1972 3592 όνοι
2019 3538 2173 3589 Eust
2214 3536 2301 3603 εἴη

295 3610 789 3678 ej.West01-mann
947 3618 1012 3665 16
1069 3608 1274 3683 χιλίαις
1309 3615 1587 3682 δραχμαῖς
1623 3562 1787 3663 Εηεὺγε
1815 3560 2013 3677 yxthoce
2050 3604 2304 3675 δραχμάς

389 3710 561 3753 Senon.
587 3722 640 3751 m
666 3712 928 3751 Pmnnuu
955 3712 1026 3751 ed.
1053 3711 1130 3750 Dr
1139 3711 1333 3751 aohma
1305 3722 1428 3750 ann.
1954 3700 1983 3746 1
