2646 3882
396 211 480 276 62
1291 210 1517 265 Scholia

340 397 371 439 Α
535 381 615 438 15
639 399 691 438 a.
755 377 1128 457 καμόντεςε
1191 375 1538 458 ἀναστροφή
1604 375 1759 439 ἐστιν
1821 376 1917 439 ἐπὶ
1970 387 2075 438 τοῦ
2131 377 2417 457 καμόντες

396 468 462 529 οἱ
500 466 685 527 πολλὰ
729 471 942 551 θυμῷ,
987 467 1133 528 κατὰ
1177 466 1243 529 τὸ
1289 465 1524 548 ἄρθρον
1568 465 1635 528 τὸ
1683 468 1768 528 οἱ·
1816 468 1915 528 ἵνα
1956 464 2417 547 ἀναστρέψωμεν

394 555 496 616 καὶ
547 557 948 637 προτάξωμεν·
1015 557 1079 618 οἰ
1134 555 1320 618 πολλὰ
1385 561 1565 640 θυμῷ
1613 601 1805 615 .....
1853 556 1917 618 οἱ
1963 555 2247 636 πρόγονοι
2308 565 2415 616 τοῦ

400 644 686 725 Θήρωνος
731 642 902 725 ἔσχον
949 643 1058 723 τὴν
1091 638 1480 726 Ἀκράγαντα·
1530 645 1749 724 οἴκημα
1792 644 1904 726 γὰρ
1948 654 2216 724 ποταμοῦ
2266 693 2278 704 .
2311 692 2323 706 .
2356 693 2367 704 .
2399 691 2413 704 .

395 743 498 795 τοῦ
541 727 930 813 Ἀκράγαντος
988 733 1090 794 καὶ
1145 732 1255 812 τὴν
1314 733 1489 794 πόλιν
1550 730 1766 813 ὁμοίως
1824 738 2148 794 καλεῖσθαι.
2242 734 2306 795 οἱ
2351 731 2414 794 δὲ
2475 757 2504 796 5

389 815 834 904 Ἀκραγαντῖνοι
876 819 1126 907 Γελῴων
1172 820 1319 884 εἰσὶν
1366 820 1631 884 ἄποικοι·
1687 821 1830 884 ὥστε
1874 821 1939 884 τὸ
1984 819 2252 903 πατέρων
2296 819 2416 883 ἄω-

393 933 497 973 τον
551 909 701 992 λέγει
755 909 852 972 έπὶ
903 920 1024 972 τῶν
1082 910 1365 992 Θήρωνος
1418 911 1759 992 προγόνων,
1815 913 1874 972 οἳ
1926 911 2033 991 οὐχ
2086 908 2284 983 ἁπλῶς
2330 911 2415 984 εἰς

393 998 504 1078 τὴν
549 998 737 1061 Γέλαν
783 1009 1059 1081 μετῆραν,
1104 998 1248 1061 ἀλλὰ
1293 998 1484 1072 εὐθὺς
1529 998 1645 1061 ἀπὸ
1685 996 1888 1062 Ῥόδου
1934 1001 2017 1072 εἰς
2061 999 2173 1078 τὴν
2204 995 2413 1081 Ἀκρά-

395 1112 598 1169 γαντα.
687 1087 787 1150 καὶ
832 1099 1005 1151 τοῦτο
1050 1088 1109 1164 ἐξ
1157 1088 1344 1151 αὐτοῦ
1382 1089 1694 1169 Πινδάρου
1742 1090 2141 1168 σαφηνίζεται,
2188 1087 2268 1162 ὥς
2312 1087 2416 1150 καὶ

397 1178 642 1257 Τίμαιός
687 1198 851 1251 (Fue
876 1201 914 1251 1,
943 1198 1039 1250 214)
1085 1195 1250 1256 φησι.
2444 1201 2502 1240 ιο

182 1284 473 1340 emmeno
534 1267 688 1327 15b.
753 1266 1098 1346 καμόντες
1144 1269 1214 1328 οἳ
1253 1266 1474 1328 πολλὰ
1522 1272 1753 1352 θυμῷε
1810 1268 1873 1328 οἱ
1919 1264 2190 1347 πατέρες,
2242 1265 2414 1345 φησὶ,

395 1356 458 1416 οἱ
505 1365 611 1416 τοῦ
671 1355 972 1436 Θήρωνος.
1055 1353 1265 1417 Ῥόδιοι
1317 1355 1431 1436 γὰρ
1492 1354 1655 1428 ὄντες
1715 1353 1987 1435 ἄνωθεν,
2045 1355 2143 1416 καὶ
2210 1356 2413 1416 στάσιν

394 1444 684 1524 ἐμφύλιον
722 1443 1160 1526 ἀποφεύγοντες
1198 1440 1541 1529 μετῴκησαν
1576 1443 1686 1523 τὴν
1715 1445 2018 1530 Σικελίαν,
2062 1443 2163 1506 καὶ
2197 1442 2413 1505 αὐτόθι

395 1533 544 1614 πρός
579 1556 746 1606 τινας
783 1535 1125 1615 βαρβάρους
1161 1533 1592 1612 πολεμήσαντες
1630 1533 1863 1594 ἔκτισαν
1898 1532 2009 1612 τὴν
2044 1533 2234 1595 πόλιν.
2280 1555 2331 1594 16
2352 1550 2384 1593 Β

182 1639 471 1696 emmeno
531 1624 610 1681 15
634 1643 680 1682 c.
745 1621 1091 1702 καμόντες
1155 1624 1224 1683 οἳ
1281 1621 1528 1684 πολλὰς
1602 1620 1633 1684 ὁ
1696 1621 1869 1704 λόγος
1931 1621 2252 1694 καθολικὸς
2314 1619 2414 1682 ἐπὶ
2443 1645 2499 1684 15

393 1718 512 1770 τῶν
569 1710 882 1792 προγόνων
945 1721 1049 1773 τοῦ
1115 1711 1428 1792 Θήρωνος,
1497 1713 1557 1772 οἳ
1610 1720 1847 1793 πρῶτον
1906 1708 2015 1790 μὲν
2072 1704 2268 1791 ἦλθον
2327 1711 2413 1783 εἰς

179 1815 272 1871 Β(ο
284 1816 425 1872 1))Ηο
452 1798 665 1879 Γέλαν,
704 1797 986 1861 κάκεῖθεν
1021 1801 1105 1872 εἰς
1128 1793 1504 1881 Ἀκράγαντα.
1546 1801 1555 1876 Ι
1598 1800 1669 1862 οὐ
1706 1799 1817 1880 γὰρ
1853 1797 2002 1881 λέγει
2041 1796 2072 1860 ὁ
2110 1798 2415 1880 Πίνδαρος

397 1885 486 1948 ὅτι
529 1888 814 1969 καμόντες
858 1887 970 1968 τὴν
1008 1884 1370 1971 Ἀκράγαντα
1416 1888 1667 1969 ἔκτισαν,
1713 1883 1838 1950 ἀλλ’
1872 1887 1961 1951 ὅτι
1995 1887 2261 1951 καθόλου
2306 1911 2413 1950 κα-

397 1977 603 2056 μόντες
655 1977 839 2039 πολλὰ
892 1987 998 2040 τοῦ
1050 1979 1336 2060 Θήρωνος
1394 1980 1457 2040 οἱ
1505 1978 1789 2061 πρόγονοι
1842 1977 2011 2060 ἔσχον
2054 1976 2165 2056 τὴν
2206 1972 2413 2059 Ἀκρά-

186 2084 442 2140 Benene
470 2090 669 2148 γαντα.
813 2068 867 2127 d.
921 2066 1080 2149 ἱερὸν
1135 2065 1200 2129 δὲ
1245 2061 1409 2129 εἶπεν
1464 2068 1683 2148 οἴκημα
1723 2066 1835 2146 τὴν
1874 2061 2266 2148 Ἀκράγαντα,
2313 2066 2412 2128 διὰ
2443 2090 2499 2129 20

392 2155 457 2216 τὸ
481 2150 748 2235 Ἀθηνᾶς
785 2156 1002 2218 αὐτόθι
1037 2156 1190 2219 νεὼν
1217 2150 1371 2219 εἶναι
1407 2165 1685 2238 περιττῶς
1721 2154 2195 2237 ἆγιστευόμενον·
2234 2153 2275 2235 ἢ
2312 2155 2413 2217 διὰ

392 2244 456 2306 τὸ
515 2244 624 2324 τὴν
677 2238 1040 2325 Ἀκράγαντα
1105 2256 1174 2330 τῇ
1234 2245 1588 2332 Περσεφόνῃ
1648 2246 1733 2318 εἰς
1797 2245 1869 2306 τὰ
1927 2243 2413 2325 ἄνακαλυπτήρια

393 2334 513 2395 ὑπὸ
559 2333 705 2406 Διὸς
752 2335 1030 2413 δοθῆναι.
1121 2334 1210 2397 ὅτι
1255 2333 1319 2395 δὲ
1366 2333 1500 2416 περὶ
1539 2328 1927 2416 Ἀκράγαντός
1972 2332 2092 2395 ἔστι
2136 2340 2217 2418 τῷ
2255 2336 2409 2394 Πιν-

397 2424 555 2509 δάρῳ
601 2422 632 2484 ὁ
679 2422 869 2505 λόγος,
914 2420 1099 2501 σαφὲς
1146 2422 1203 2497 ἐξ
1249 2416 1338 2484 ὧν
1372 2423 1507 2505 περὶ
1541 2432 1646 2485 τοῦ
1682 2424 1941 2485 πλούτου
1977 2432 2083 2484 τοῦ
2122 2422 2409 2503 Θήρωνος

539 2638 565 2685 1
605 2630 759 2686 Eunt.
779 2630 874 2684 vit.
897 2629 1055 2683 Pind.
1081 2634 1164 2697 10,
1185 2634 1215 2683 7
1236 2630 1341 2685 Ab.
1462 2636 1529 2683 22
1568 2629 1681 2683 sch.
1710 2627 1778 2683 N.
1804 2635 1851 2697 1,
1875 2633 1961 2687 17.
1986 2627 2132 2682 Plut.
2154 2627 2294 2682 Tim.
2318 2634 2416 2697 8‚4

536 2814 567 2861 2
605 2807 750 2863 κατὰ
787 2807 1112 2862 Schneider:
1152 2807 1250 2861 καὶ
1275 2809 1295 2877 ΙΙ
1322 2806 1379 2861 οἳ
1420 2806 1725 2861 Schneider
1866 2812 1915 2861 2.
1938 2812 1969 2859 3
2008 2804 2416 2876 ἀνατρέψωμεν

393 2879 491 2932 καὶ
525 2879 941 2949 προστάξωμενε
971 2878 1275 2932 Schneider
1411 2884 1442 2932 3
1472 2878 1528 2934 οἳ
1555 2880 1677 2947 (pr.)
1709 2877 2012 2932 Schneider
2142 2882 2173 2930 3
2194 2894 2274 2945 sq.
2305 2877 2411 2931 lac.

392 2950 638 3004 indicavi
801 2956 847 3004 6.
873 2955 902 3003 ’1
941 2950 1138 3005 ἀώτων
1310 2954 1341 3003 7
1379 2950 1481 3020 οὐχ
1517 2948 1727 3020 ἁπλῶς]
1765 2946 2009 3010 οὐὸόλως
2044 2949 2083 3003 V
2121 2950 2192 3017 (p.
2234 2953 2319 3015 63,
2341 2951 2412 3019 9).

394 3019 504 3074 Sed
540 3020 604 3077 ft.
643 3024 773 3090 post
809 3020 995 3083 ἁπλῶς
1019 3022 1124 3077 lac.
1156 3022 1284 3075 stat.
1410 3026 1443 3075 8
1479 3020 1581 3091 τὴν
1609 3019 1789 3075 Γέλαν
1820 3019 2145 3075 Schneider:
2184 3019 2284 3074 τὸν
2312 3018 2412 3074 Γέ-

391 3094 541 3146 λωνα
671 3099 733 3146 11
756 3109 874 3162 sqq.
906 3093 1018 3147 sch.
1054 3098 1117 3147 15
1155 3092 1192 3145 b
1223 3094 1281 3146 et
1309 3108 1341 3145 c
1376 3092 1435 3145 in
1462 3110 1555 3145 un.
1585 3091 1741 3145 confi.
1775 3091 1861 3147 GD
2012 3097 2074 3145 11
2112 3094 2283 3163 θυμῷ
2302 3107 2411 3145 om.

394 3162 488 3219 ΒΟ
608 3169 672 3217 12
711 3162 766 3217 οἱ
803 3181 910 3219 om.
950 3166 1033 3219 Βν
1059 3166 1079 3233 ΙΙ
1107 3162 1284 3235 ὄντες]
1321 3158 1466 3233 ἦσαν
1506 3165 1589 3218 Βν
1709 3168 1774 3216 13
1812 3160 2085 3231 φυγόντες
2122 3161 2209 3217 00
2238 3168 2257 3229 ΙΙ
2283 3162 2389 3231 τὴν

393 3232 474 3296 εἰς
503 3232 604 3302 τὴν
635 3234 676 3291 ss
712 3236 791 3303 (et
828 3235 898 3289 de
935 3234 1003 3303 ej.
1034 3234 1205 3304 Beck)
1355 3240 1418 3289 15
1456 3234 1763 3296 καθολικὸς
1800 3233 1967 3290 ΕΗῦε
2006 3233 2265 3300 καθαρὸς
2294 3235 2377 3288 BV

393 3304 486 3358 ἐπὶ
523 3320 554 3359 e
595 3322 650 3359 o:
692 3305 811 3361 ἐπεὶ
845 3306 974 3374 περὶ
1021 3308 1161 3361 ΒΕΗ
1224 3306 1339 3377 (ἐπὶ
1382 3306 1511 3375 περὶ
1558 3305 1742 3397 11*ᾒο
1795 3305 1909 3359 ἐστι
1952 3304 2081 3372 περὶ
2116 3303 2269 3357 Beck

396 3380 460 3429 17
575 3378 708 3429 λλαν
749 3378 788 3431 Β
843 3392 1084 3445 semper,
1123 3377 1294 3431 ceteri
1333 3376 1581 3446 saepiu33
1619 3379 1760 3445 ηλαν
1800 3378 1836 3430 Ε
1980 3380 2047 3429 20
2086 3377 2144 3429 et
2179 3381 2245 3428 22
2284 3374 2390 3445 τὴν

390 3446 490 3500 τὸν
520 3448 556 3500 Ε
691 3451 757 3498 22
795 3455 861 3517 τῇ
889 3450 1058 3514 Περσ.
1089 3464 1194 3501 om.
1229 3452 1264 3503 Ε
1291 3451 1309 3519 ΙΙ
1337 3448 1454 3504 ἄνω
1483 3446 1830 3516 καλυπτήρια
1861 3449 1900 3502 Β
2014 3452 2081 3499 23
2108 3446 2219 3501 ὑπὸ
2248 3446 2391 3510 Διὸς

393 3515 700 3586 ὑποὸοᾱὴν
712 3520 756 3585 ¹2)
789 3520 824 3571 Ε
851 3520 870 3585 ss
898 3515 1006 3589 ὅτι]
1035 3517 1211 3581 οὕτως
1240 3522 1276 3574 Ε
1386 3526 1454 3573 24
1484 3520 1539 3585 ἐξ
1568 3514 1798 3588 ‹bv—p.
1822 3524 1907 3587 63,
1926 3524 1955 3571 1
1984 3534 2158 3587 φησιν
2188 3517 2412 3575 ΒΕΗῦε

393 3587 455 3641 ἐκ
489 3595 600 3641 τῶν
636 3604 692 3639 π.
722 3606 768 3640 τ.
796 3590 885 3641 πλ.
914 3607 960 3642 τ.
995 3587 1272 3655 Θήρωνος.
1332 3591 1553 3655 διεξιὼν
1589 3589 1696 3660 γάρ
1736 3606 1907 3659 φησιν
1948 3591 2030 3644 BV
