2646 3882
1047 236 1374 307 Olymp.V1
1411 241 1639 291 44—48
2230 238 2356 303 165

333 394 375 490 ’ᾖ
422 401 732 465 συνελθὼν
774 403 1086 466 Ποσειδῶν
1139 402 1452 486 ἐγέννησεν
1495 403 1788 483 Εὐάδνην
1842 394 1987 465 τινά.
2087 404 2238 484 αὕτη
2291 404 2357 467 τὸ

334 491 632 574 γεννηθὲν
677 490 955 574 ἐκπέμπει
998 494 1301 575 λαθραίως
1347 493 1432 566 εἰς
1473 486 1789 574 Ἀρκαδίαν
1834 491 2154 574 τρέφεσθαι
2196 492 2358 576 παρὰ

335 581 587 668 Αἰπύτῳ
644 587 724 666 τῷ
765 575 1008 644 Ἐλάτου
1054 582 1238 643 παιδί.
1335 583 1552 662 ταύτην
1597 580 1709 661 τὴν
1754 581 2045 661 Εὐάδνην
2090 581 2156 643 ἐν
2199 581 2358 668 ἀκμῇ

334 669 661 752 γενομένην
722 671 1064 752 διεκόρησεν
1124 668 1157 732 ὁ
1207 667 1534 750 Ἀπόλλων,
1586 670 1688 732 καὶ
1733 670 1923 733 ἔτεκεν
1952 667 2189 751 ’Ίαμον,
2243 666 2354 749 ἀφ’

280 780 305 821 5
336 753 410 821 οὗ
458 761 521 822 οἱ
553 755 805 839 Ἰαμίδαι
849 759 1084 839 μάντεις
1137 760 1286 822 κατὰ
1341 759 1452 840 τὴν
1499 760 1730 839 Πίσαν,
1787 760 1872 833 εἰς
1927 757 2034 832 οὓς
2078 759 2142 820 τὸ
2187 756 2359 841 γένος

334 846 541 929 ἀνάγει
586 845 619 909 ὁ
659 842 957 930 Ἀγησίας·
1014 848 1116 910 καὶ
1169 850 1360 922 οὕτως
1413 848 1738 931 εὑρίσκεται
1792 847 1872 921 ὥς
1929 845 2036 928 μὲν
2091 847 2207 910 ἀπὸ
2255 857 2358 928 τῆς

332 937 602 1016 Πιτάνης
645 931 932 1019 Ἀργεῖος,
990 935 1072 1012 ὥς
1126 935 1189 998 δὲ
1246 937 1364 1000 ἀπὸ
1405 932 1606 1018 Ἰάμου
1658 937 1759 1000 καὶ
1802 937 2089 1017 Εὖάδνης
2145 945 2248 1017 τῆς
2293 934 2358 998 ἐν

327 1021 609 1111 Ἀρκαδία
646 1020 873 1108 Ἀρκάς.
934 1045 1037 1090 ιεε
1072 1037 1199 1102 47ᾱο

468 1118 552 1176 46
574 1116 629 1176 d.
694 1111 851 1198 παρ’
884 1115 1183 1198 Εὐρώτα
1234 1115 1485 1198 πόρονε
1544 1113 1880 1196 προσέθηκε
1933 1114 1999 1177 τὸ
2053 1107 2196 1196 παρ’
2229 1112 2415 1176 Εὐ-Α

256 1226 309 1265 1⁰
336 1203 494 1286 ρώτα
536 1205 750 1286 πόρον·
798 1203 917 1266 ἔστι
963 1202 1027 1267 δὲ
1070 1205 1308 1284 Πιτάνη
1353 1203 1523 1278 πόλις
1568 1204 2043 1285 Λακεδαίμονος,
2087 1202 2188 1265 καὶ
2231 1202 2358 1264 Εὐ-

336 1293 525 1373 ρώτας
569 1291 831 1372 ποταμὸς
875 1293 977 1355 καὶ
1019 1293 1303 1376 Σπάρτης
1349 1293 1449 1355 καὶ
1491 1291 1667 1367 ἄλλος
1707 1287 1966 1366 Ἰταλίας.

469 1385 551 1443 47
574 1402 627 1443 ε..
694 1383 809 1444 δεῖ
846 1383 1181 1465 σάμερονε
1226 1381 1439 1445 ἑαυτὸν
1484 1379 1635 1463 λέγει
1681 1379 1712 1442 ὅ
1758 1380 2030 1461 ποιητής·
2078 1379 2212 1442 ἀντὶ
2251 1387 2417 1442 τοῢΑ

334 1471 594 1551 σχολάσω
639 1477 719 1556 τῷ
764 1471 950 1555 ὕμνῳ.
2047 1477 2054 1486 ’

468 1563 552 1620 47
573 1561 628 1620 b.
696 1561 810 1622 δεῖ
844 1561 1154 1644 σάμερον
1198 1560 1471 1622 ἐλθεῖνε
1515 1559 1664 1621 κατὰ
1698 1558 1802 1621 τὸν
1838 1556 2165 1640 ὡρισμένον
2201 1582 2331 1620 και-
2361 1576 2570 1632 acuto

256 1668 307 1710 15
334 1647 443 1730 ρὸν
500 1657 620 1710 τῶν
674 1646 994 1731 ἐγκωμίων.
1130 1671 1177 1712 ο.
1234 1650 1334 1710 δεῖ
1379 1640 1522 1728 οὖν,
1577 1666 1756 1729 φησι,
1813 1645 2027 1729 ταχέως
2081 1647 2182 1709 καὶ
2225 1646 2359 1728 περὶ

333 1746 439 1817 τῆς
502 1738 774 1817 Πιτάνης
839 1739 1026 1800 εἰπεῖν
1089 1739 1373 1819 τήμερον,
1437 1747 1540 1818 τῆς
1604 1747 1711 1800 τοῦ
1775 1736 2030 1818 Εὐρώτα
2090 1744 2359 1816 ποταμοῦ

334 1826 650 1909 θυγατρός.
696 1845 865 1900 48080
919 1827 929 1904 Ι
988 1829 1041 1888 d.
1088 1826 1154 1889 ἐν
1201 1826 1396 1889 δέοντι
1435 1831 1636 1911 καιρῷ.
1767 1847 1815 1886 e.
1864 1826 1962 1887 δεῖ
1987 1825 2170 1906 αὐτῆς
2209 1848 2360 1906 μνη-
2387 1843 2508 1898 coo

336 1920 564 1996 σθῆναι
608 1915 881 1999 σήμερον.
946 1926 1069 1980 55⁶5
1108 1927 1242 2001 ,φο
2223 1970 2234 1981 .

469 2008 553 2065 48
576 2026 628 2065 a.
695 2001 763 2085 [ἅ
797 2028 906 2067 τοι
932 2000 1442 2086 Ποσειδάωνι]ε
1490 2005 1685 2088 λάθρᾳ
1726 2013 1976 2066 τεκοῦσα
2010 2001 2049 2083 ἡ
2086 2003 2322 2081 Πιτάνη
2358 2020 2570 2076 aeneo

257 2114 311 2154 το
338 2090 669 2155 ἀπέστειλεν
713 2094 798 2168 εἰς
835 2088 1157 2175 Ἀρκαδίαν
1203 2094 1450 2180 Αἰπύτῳ
1495 2099 1577 2179 τῷ
1616 2088 1860 2155 Ἐλάτου
1904 2093 2089 2154 παιδί.
2180 2091 2245 2154 τὸ
2294 2089 2360 2152 δὲ

336 2179 403 2242 ἐκ
440 2183 755 2263 συντυχίας
801 2180 1173 2263 συμβεβηκὸς
1206 2181 1275 2243 ἐκ
1308 2184 1594 2265 προνοίας
1631 2179 1780 2263 λέγει
1816 2187 2190 2263 γεγενῆσθαι.
2248 2178 2360 2259 τὴν

335 2268 448 2351 γὰρ
484 2270 778 2350 Εὐάδνην
811 2269 1154 2332 ἐκτεθεῖσαν
1180 2272 1448 2345 Αἴπυτος
1485 2269 1677 2353 εὑρὼν
1714 2268 2013 2350 ἀνέλαβεν.
2051 2289 2147 2332 ειΒ
2175 2278 2300 2342 55ᾱο

472 2362 555 2419 48
576 2354 631 2419 b'.
696 2360 932 2439 Πιτάνη
976 2359 1088 2441 γὰρ
1124 2358 1379 2442 Εὐρώτα
1414 2364 1778 2421 Λακωνικοῦ
1821 2366 2114 2439 ποταμοῦ·
2161 2346 2200 2443 ᾖ
2228 2361 2356 2418 Πο-
2386 2375 2418 2420 n

337 2448 551 2509 σειδῶν
614 2447 847 2530 μιχθεὶς
908 2448 1107 2533 λάθρᾳ
1135 2497 1147 2508 .
1178 2497 1191 2509 .
1222 2496 1235 2509 .
1267 2495 1282 2509 .
1318 2456 1601 2529 γεννῆσαι
1670 2447 1773 2510 τὸν
1818 2444 2060 2528 Ἴαμον,
2123 2438 2233 2534 ἀφ’
2285 2438 2360 2508 οὗ

256 2557 308 2599 25
332 2530 597 2618 Ἰαμίδαι.

471 2629 623 2689 486.
696 2626 737 2686 ἅ
788 2649 897 2688 τοι
949 2626 1408 2689 Ποσειδάωνι
1471 2631 1832 2706 μιχθεῖσαι
1892 2625 2022 2704 ἥτις
2081 2628 2356 2705 μιχθεῖσα
2383 2641 2546 2697 aceo

346 2722 426 2801 τῷ
473 2715 808 2776 Ποσειδῶνι
850 2714 1083 2795 Πιτάνη
1128 2714 1350 2796 λέγεται
1393 2713 1504 2793 τὴν
1550 2713 1912 2793 ἰοπλόκαμον
1961 2711 2104 2793 (ἀπὸ
2151 2710 2368 2796 μέρους

338 2804 450 2883 τὴν
506 2797 724 2888 καλὴν)
782 2803 1074 2883 Εὐάδνην
1128 2810 1347 2884 τεκεῖν,
1400 2802 1499 2864 καὶ
1546 2803 1854 2864 διαλαθεῖν
1898 2800 2367 2884 ἕγκυμονοῦσαν,

483 2983 512 3031 1
554 2974 877 3047 ἐγέννησεν]
914 2974 1184 3030 ἀπέτεκεν
1223 2974 1264 3031 ss
1289 2977 1309 3045 ΙΙ
1338 2972 1480 3043 αὕτη
1519 2975 1632 3030 BE:
1671 2970 1812 3043 αὕτη
1848 2971 1885 3042 ἡ
1921 2970 2144 3041 Πιτάνη
2183 2970 2274 3029 00

339 3054 373 3102 3
401 3046 626 3119 Αἰπύτῃ
653 3062 685 3101 ν
712 3049 732 3117 ΙΙ
756 3047 857 3118 τῷ]
886 3050 962 3120 τῷ
981 3055 1081 3101 τοῦ
1112 3046 1194 3103 01·
1300 3053 1335 3100 4
1372 3043 1724 3113 διεκόρευσεν
1755 3045 1792 3100 Ε
1902 3048 1934 3096 5
1969 3043 2072 3113 τὴν
2100 3060 2207 3097 om.
2239 3044 2322 3098 Bv
2346 3041 2368 3114 ΙΙ

335 3115 563 3173 Πίσσαν
601 3119 641 3172 Β
786 3122 819 3171 6
856 3118 957 3186 μὲν
994 3117 1110 3172 ἀπὸ
1150 3116 1313 3174 GEss:
1355 3116 1469 3171 ἀπὸ
1505 3115 1608 3186 μὲν
1637 3118 1722 3172 BV
1867 3119 1898 3167 ‘1
1932 3115 2054 3186 τῆς]
2088 3122 2202 3169 τῶν
2233 3115 2269 3168 Ε

338 3195 404 3243 17
435 3189 500 3261 1.]
530 3188 591 3245 ἐν
620 3186 740 3263 ὥρᾳ
775 3188 813 3245 0
853 3188 1029 3252 ἄλλως
1094 3204 1263 3243 raom.
1286 3187 1328 3244 0.
1355 3190 1374 3257 ΙΙ
1402 3191 1493 3243 δεῖ
1517 3185 1755 3257 σήμερόν
1785 3202 1923 3256 φησι
1948 3186 2081 3256 post
2105 3184 2142 3238 1.
2173 3184 2304 3238 add.
2333 3197 2384 3238 v·

481 3266 547 3313 15
587 3262 679 3315 δεῖ
711 3256 815 3315 οὐν
854 3260 1015 3331 φησι]
1052 3206 1245 3315 {wau
1271 3274 1305 3313 ν
1345 3262 1370 3329 11
1414 3259 1512 3314 καὶ
1574 3259 1636 3314 δὲ
1669 3260 1704 3314 Ε
1868 3262 1934 3310 16
1973 3257 2153 3312 εἰπεῖν
2192 3254 2362 3310 ΒΕΩτ

339 3331 528 3386 ἐλθεῖν
568 3330 656 3387 01)
686 3330 973 3401 ΙΙτήμερον
1011 3332 1124 3386 BE:
1166 3329 1404 3400 σήμερον
1443 3332 1481 3384 Ι)
1575 3346 1682 3384 om.
1723 3329 1804 3386 GV
1831 3330 1851 3398 ΙΙ
1879 3328 2147 3394 Εὐρώτου
2177 3326 2267 3380 ΒΕ

338 3407 406 3456 14
443 3401 480 3455 1.
520 3404 613 3457 δεῖ
645 3400 887 3471 σάμερον
926 3401 1115 3457 ἐλθεῖν
1154 3401 1215 3457 ἐν
1254 3400 1374 3476 ὥρᾳ
1411 3401 1524 3456 sch.
1565 3400 1684 3454 47d
1719 3416 1927 3470 praem.
1969 3397 2010 3454 ss
2049 3399 2076 3487 st
2105 3396 2219 3450 sch.
2249 3400 2365 3446 47e

340 3489 447 3527 om.
480 3472 517 3529 0
545 3474 564 3542 ΙΙ
591 3474 682 3528 δεῖ
707 3472 772 3529 ss:
803 3469 882 3527 δι’
920 3475 958 3529 D
1054 3478 1119 3528 19
1157 3473 1194 3527 1.
1226 3489 1332 3527 om.
1366 3471 1534 3540 ΒΕας
1565 3471 1767 3525 seclusi
1866 3474 1935 3523 20
1970 3472 2048 3539 τῷ
2077 3469 2171 3520 Ea..
2201 3457 2366 3516 παιδί

338 3561 447 3598 om.
481 3545 565 3599 Bv
674 3550 738 3598 21
780 3544 997 3616 συμβὰν
1028 3547 1110 3600 Βν
1137 3547 1157 3614 ΙΙ
1184 3542 1400 3615 λέγεται
1430 3542 1519 3599 ΕΗ
1627 3548 1695 3595 22
1735 3542 1930 3611 ἔλαβεν
1959 3540 2043 3593 Βν
2150 3538 2217 3586 26
2246 3532 2362 3583 Πο-

339 3612 597 3670 σειδάονι
635 3614 765 3671 Essv
792 3618 811 3686 ΙΙ
839 3624 1058 3686 μιγεῖσα
1097 3618 1132 3672 Ε
1160 3618 1179 3686 ΙΙ
1205 3624 1426 3687 μιγεῖσα
1465 3613 1548 3670 Βν
1670 3617 1739 3666 28
1773 3611 1902 3680 τὴν]
1938 3608 2002 3661 τὸ
2037 3613 2154 3659 πᾶν
2190 3616 2222 3655 V
