2646 3882
369 200 501 265 302
1268 203 1496 258 Scholia

367 367 649 442 ἐπίδειξιν
694 366 1124 449 ἐπιδειξάμενοι
1167 380 1382 433 τοῦτον
1426 368 1804 451 ἠγωνίζοντο,
1847 367 1948 431 καὶ
1995 369 2408 449 τετραποδιστὶ

370 456 432 518 τὸ
486 457 667 518 πάλαι
710 468 1167 540 περιπατοῦντες
1222 456 1551 537 ἀνέστησαν
1593 457 1696 521 καὶ
1740 457 1966 539 δρόμον
2009 456 2376 539 ἠγωνίζοντο
2389 477 2402 488 ·

369 545 550 607 ἔνθεν
593 545 693 607 καὶ
738 548 979 610 στάδιον
1024 553 1270 610 καλοῦσι
1315 548 1542 629 δρόμον
1586 546 1688 608 διὰ
1730 545 1843 625 τήν
1886 547 2106 609 στάσιν.

159 651 367 708 teneo
509 636 709 697 150b.
774 635 1023 699 ἐναλία
1067 632 1119 698 τ’
1155 630 1496 710 Ἐλευσίςε
1540 635 1642 698 καὶ
1685 633 1726 715 ἡ
1757 630 2022 709 Ἐλευσὶς
2066 634 2132 697 δὲ
2165 632 2208 717 ἠ
2244 636 2404 718 πρὸς

369 732 441 809 τῇ
493 724 766 810 θαλάσσῃ
819 724 1058 805 κειμένη
1116 731 1245 800 ταῖς
1296 724 1565 807 ἀγλαΐαις
1617 724 1805 787 αὐτοῦ
1860 723 1962 786 καὶ
2005 726 2200 798 νίκαις
2247 749 2398 807 μαρ-
2461 748 2485 787 5

368 818 543 893 τυρεῖ.
633 810 834 894 ἄγεται
897 812 961 875 δὲ
1023 814 1240 877 αὐτόθι
1298 813 1462 895 ἀγὼν
1518 813 1720 896 Κόρης
1780 812 1882 875 καὶ
1928 812 2274 895 Δήμητρος,
2332 811 2403 888 ὃς

368 906 625 963 καλεῖται
663 895 1017 965 Ἐλευσίνια·
1066 896 1142 966 οὗ
1186 902 1454 966 ἔπαθλον
1499 904 1724 985 κριθαί.

315 1010 348 1053 Α
507 993 635 1053 150
654 1012 700 1053 c.
764 985 1109 1065 Ἐλευσίςε
1172 992 1277 1054 τὸν
1341 1002 1458 1055 τῶν
1516 988 1893 1053 Ἐλευσινίων
1959 988 2162 1073 ἀγῶνα
2226 989 2400 1073 λέγει.

369 1078 637 1141 ἔπαθλον
674 1077 739 1141 δὲ
774 1086 959 1143 κεῖται
993 1081 1226 1162 κριθαί·
1265 1080 1468 1164 ἄγεται
1503 1078 1568 1142 δὲ
1604 1080 1670 1143 ἐν
1697 1076 1986 1159 Ἀθήναις
2023 1080 2166 1161 μετὰ
2193 1076 2398 1162 (τὴν)

368 1177 487 1231 τῶν
512 1172 948 1251 Δημητριακῶν
974 1178 1219 1253 καρπῶν
1247 1170 1541 1252 συλλογὴν
1569 1181 1640 1256 τῇ
1666 1170 1936 1251 Δήμητρι
1963 1168 2396 1251 εὐχαριστήρια.
2429 1191 2486 1231 ιο

310 1276 343 1319 Α
508 1260 631 1318 152
658 1278 711 1320 a..
776 1258 850 1320 τὸ
888 1260 925 1321 δ
934 1256 962 1320 ὲ
999 1265 1171 1344 φυᾷε
1208 1256 1357 1341 (τὸ)
1395 1260 1534 1344 θείᾳ
1571 1260 1750 1338 φύσει
1783 1257 1886 1320 καὶ
1921 1258 2099 1343 μοίρᾳ
2135 1258 2399 1339 πρασσό-

368 1368 551 1426 μενον
594 1346 774 1409 καλόν
819 1345 995 1409 ἐστιν.
1128 1350 1183 1409 b.
1230 1346 1270 1429 ἣ
1316 1348 1380 1411 τὸ
1426 1347 1486 1423 ἐξ
1533 1347 1804 1426 εὐφυΐας.

158 1452 367 1509 aeneo
509 1437 701 1496 1520.
766 1434 840 1497 τὸ
898 1434 970 1497 δὲ
1024 1443 1171 1521 φυᾷ
1224 1438 1608 1519 κράτιστον
1661 1436 1876 1497 ἅπανε
1932 1435 1996 1498 τὸ
2054 1432 2118 1497 δὲ
2163 1433 2229 1496 ἐκ
2275 1436 2400 1515 φύ-

370 1540 516 1596 σεως
560 1523 784 1605 προσὸν
828 1522 1064 1606 ἀγαθὸν
1108 1525 1208 1588 καὶ
1254 1528 1428 1599 θείας
1474 1526 1684 1606 μοίρας
1735 1525 2046 1607 κράτιστον
2087 1523 2192 1586 καὶ
2237 1522 2399 1599 ἐξαί-

176 1629 342 1686 Βοεο
370 1634 557 1692 ρετον.
626 1614 809 1674 λείπει
862 1612 927 1675 δὲ
980 1613 1045 1675 τὸ
1100 1612 1275 1676 ἐστίν.
1422 1617 1476 1675 d.
1533 1614 1618 1687 εἰς
1669 1612 1881 1675 ἑαυτὸν
1934 1611 1998 1675 δὲ
2055 1614 2396 1675 αἰνίττεται·
2430 1636 2486 1675 15

370 1698 459 1761 ἀεὶ
503 1699 617 1781 γὰρ
662 1699 872 1764 ἑαυτὸν
917 1700 1066 1784 λέγει
1110 1702 1553 1766 αὐτοδίδακτον.

316 1791 349 1834 Α
508 1791 705 1852 153ει.
777 1790 1024 1853 πολλοὶ
1088 1789 1159 1853 δὲ
1222 1793 1621 1865 διδακταῖςε
1693 1789 1898 1853 πολλοὶ
1957 1788 2022 1852 δὲ
2087 1788 2401 1871 ἠθέλησαν

368 1876 534 1952 κλέος
595 1882 797 1961 λαβεῖν
852 1878 1228 1962 διδαχθέντες
1286 1881 1387 1944 καὶ
1442 1881 1522 1962 μὴ
1586 1878 1652 1944 ἐκ
1706 1881 1942 1960 φύσεως
1997 1879 2226 1961 ἔχοντες
2280 1879 2398 1960 τὴν

369 1967 599 2051 ἀρετήν.

159 2057 368 2114 100Εο
505 2060 707 2120 153b.
772 2058 1021 2122 πολλοὶ
1068 2057 1140 2121 δὲ
1195 2061 1592 2132 διδακταῖςε
1648 2057 1854 2121 πολλοὶ
1904 2057 1968 2120 δὲ
2015 2058 2197 2134 δόξαν
2251 2057 2396 2120 ἕαυ-
2429 2081 2490 2121 ao

368 2153 492 2220 τοῖς
545 2146 850 2228 ἠθέλησαν
901 2158 1279 2230 περιποιῆσαι
1331 2147 1448 2210 ἀπὸ
1504 2148 1798 2210 διδακτῶν
1853 2146 2075 2225 ἀρετῶν
2121 2146 2223 2208 καὶ
2278 2148 2395 2229 ὥρ-

369 2254 565 2316 μησαν
609 2236 710 2298 καὶ
756 2236 1048 2300 ἔσπευσαν
1091 2236 1189 2299 ἐπὶ
1232 2247 1408 2300 τοῦτο
1449 2242 1783 2320 προελθεῖν.

315 2326 348 2369 Α
506 2329 630 2387 156
654 2348 705 2388 a.
769 2324 943 2389 ἄνευ
990 2323 1063 2387 δὲ
1107 2332 1314 2388 θεοῦε
1373 2324 1620 2388 ἕκαστον
1664 2325 1760 2405 δέ,
1803 2343 1985 2405 φησι,
2039 2335 2281 2407 πρᾶγμα
2327 2325 2395 2387 τὸ

368 2412 541 2496 χωρὶς
576 2421 729 2477 θεοῦ
782 2414 1194 2496 πρασσόμενον
1248 2414 1632 2495 σιωπώμενον
1686 2415 2023 2496 σοφώτερόν
2068 2412 2212 2475 ἐστι·
2268 2424 2396 2475 πᾶν

366 2502 479 2585 γὰρ
523 2503 587 2565 τὸ
638 2503 720 2583 μὴ
774 2503 920 2566 κατὰ
966 2502 1115 2565 θεὸν
1167 2504 1580 2585 πρασσόμενον
1627 2504 1726 2564 δεῖ
1771 2513 1944 2586 σιγᾶν
1987 2502 2089 2566 καὶ
2134 2502 2395 2581 μηδενὸς
2424 2526 2478 2566 25

368 2591 548 2673 λόγου
602 2590 828 2667 ἀξιοῦν.
970 2593 1026 2652 b.
1081 2586 1211 2654 οἷον
1268 2592 1607 2674 σοφώτερόν
1661 2591 1780 2654 ἔστι
1842 2602 2016 2673 σιγᾶν
2068 2591 2266 2654 ἐκεῖνα
2320 2591 2394 2652 τὰ

367 2681 679 2762 πράγματα
731 2680 802 2742 τὰ
856 2680 937 2760 μὴ
994 2681 1361 2762 μετειληχότα
1413 2683 1634 2762 βουλῆς
1688 2679 2015 2744 ἀθανάτου.
2162 2701 2209 2741 ο.
2258 2674 2394 2742 οἷον

368 2763 509 2849 μετὰ
554 2775 704 2832 θεοῦ
749 2792 838 2844 τις
882 2769 1356 2852 παραγενόμενος
1401 2771 1486 2843 εἰς
1532 2771 1670 2843 τούς
1712 2769 1949 2851 ἀγῶνας
1985 2768 2066 2843 ὣς
2102 2765 2136 2830 ὅ
2167 2765 2392 2851 Ἐφάρ-

368 2876 602 2938 μοστος,
646 2851 820 2932 οὗτος
865 2858 965 2921 καὶ
1009 2857 1333 2939 ὑμνεῖσθαι
1376 2857 1477 2920 καὶ
1520 2863 1825 2922 λαλεῖσθαι
1868 2856 2034 2935 ἄξιός
2078 2857 2252 2920 ἔστιν.

512 3037 541 3084 1
581 3029 989 3100 ἐπιδειξάμενοι
1025 3031 1092 3085 A:
1130 3030 1462 3099 ποιούμενοι
1497 3029 1585 3084 Et.
1625 3029 1698 3083 M.
1765 3029 1851 3085 Ft.
1890 3032 2002 3102 pto.
2043 3029 2262 3084 delend.

367 3108 400 3156 4
434 3102 472 3157 1.
511 3118 617 3156 om.
660 3104 699 3157 Β
744 3103 763 3170 ΙΙ
808 3098 1027 3156 εἰναλία
1062 3117 1094 3156 ν
1273 3107 1305 3154 5
1343 3101 1442 3155 καὶ
1474 3109 1602 3165 ταῖς
1634 3099 1820 3164 νίκαις
1857 3101 1944 3157 ΟΕ
2125 3105 2156 3153 6
2193 3099 2393 3170 ἄγεται

368 3173 585 3231 GDEU:
624 3171 839 3242 λέγεται
878 3175 917 3228 Β
963 3175 982 3254 Ι]
1026 3172 1350 3242 Δημήτερος
1387 3175 1468 3228 ΒΙ·
1649 3178 1678 3226 7
1716 3169 1918 3240 κριθαί
1956 3171 2219 3242 3001)οε
2256 3174 2392 3262 θρι-

364 3243 449 3312 θή
487 3245 523 3299 Ε
640 3249 672 3296 9
709 3243 813 3313 τὴν
849 3243 1046 3297 αᾶὼᾱὶ
1165 3249 1233 3297 10
1268 3251 1504 3312 καρπῶν
1539 3245 1655 3299 AP‘:
1693 3251 1883 3298 κακῶν
1919 3244 2009 3298 A„
2119 3248 2184 3296 11
2223 3261 2347 3311 φυα
2385 3243 2395 3315 Ι

365 3314 429 3369 τὸ
466 3313 664 3368 addidi
690 3316 709 3383 ΙΙ
735 3312 907 3370 θείαν
944 3314 1118 3384 φύσιν
1145 3315 1242 3369 καὶ
1269 3323 1498 3384 μοῖρανε
1539 3330 1644 3386 ego
1755 3319 1820 3367 13
1859 3313 2015 3369 ἅπαν
2054 3329 2159 3366 om.
2193 3312 2335 3369 GDE

476 3388 542 3437 14
578 3385 791 3452 προσὸν
827 3401 934 3440 om.
975 3388 1012 3441 D
1144 3391 1208 3439 15
1248 3385 1311 3441 δὲ
1350 3386 1492 3456 (alt.)
1530 3402 1634 3440 om.
1676 3384 1713 3441 G
1852 3390 1916 3438 17
1956 3385 2150 3439 πολλοὶ
2187 3383 2266 3454 (in
2300 3382 2389 3455 l.)]

364 3456 507 3510 πολὺ
616 3460 686 3508 20
712 3454 749 3508 1.
779 3472 887 3510 om.
919 3459 959 3512 Β
986 3459 1006 3526 ΙΙ
1032 3457 1171 3526 φησὶ
1196 3459 1330 3526 post
1357 3457 1420 3512 δὲ
1450 3457 1577 3510 add.
1611 3459 1693 3512 Βν
1801 3461 1866 3508 21
1905 3453 2390 3522 περιποιήσασθαι

368 3525 452 3583 ssb
607 3531 675 3578 22
720 3527 819 3580 καὶ
864 3527 1139 3582 ἔσπευσαν
1184 3544 1291 3581 om.
1334 3531 1371 3584 D
1427 3529 1526 3582 καὶ
1572 3527 1687 3582 ἔσπ.
1710 3528 2098 3592 -προελθεῖν
2143 3541 2251 3579 om.
2293 3525 2330 3581 0
2369 3525 2391 3598 ΙΙ

365 3599 667 3664 προελθεῖν
706 3599 773 3652 8:
813 3614 917 3652 om.
960 3598 1100 3656 1)Εο
