2646 3882
943 229 1161 299 Olymp.
1191 230 1320 285 VIII
1360 237 1386 283 1
1402 262 1468 270 —
1484 236 1548 284 10
2126 229 2257 294 239

372 402 413 457 4
433 400 488 457 d.
553 395 985 478 ἀποπειρῶνται
1038 397 1103 457 οἱ
1160 397 1395 476 μάντεις
1457 395 1559 458 καὶ
1612 395 1947 475 ἐπιζητοῦσι
2002 403 2220 476 μαθεῖν
2258 413 2469 471 acuto

183 515 186 519 ·
237 485 337 549 διὰ
383 496 499 547 τῶν
545 485 824 565 ἐμπύρων
869 485 1313 566 τεκμαιρόμενοι
1356 485 1459 547 καὶ
1504 484 1871 566 εὑρίσκοντες
1915 484 1985 545 τὰ
2028 492 2255 566 σημεῖα.

233 574 370 656 περὶ
414 576 603 637 ποίων
651 571 714 635 δὲ
760 572 1102 655 ἀνθρώπων
1148 572 1608 656 ἀποπειρῶνταις
1661 574 1794 656 περὶ
1848 584 1964 635 τῶν
2011 575 2255 653 ζητούν-

234 688 355 736 των,
409 662 509 725 καὶ
561 662 1019 743 ἐπιθυμούντων
1080 663 1337 744 μεγάλην
1393 661 1603 743 ἀρετὴν
1658 663 1991 741 κτήσασθαι
2044 662 2108 724 ἐκ
2153 672 2257 744 τῆς

181 775 205 815 5
235 754 410 832 νίκης
453 752 555 814 καὶ
609 752 1063 824 σπουδαζόντων
1107 750 1419 830 ἀναπνοὴν
1475 755 1677 832 λαβεῖν
1721 751 1787 813 ἐκ
1830 761 1949 813 τῶν
1994 752 2256 833 κατεχόν-

233 865 353 904 των
399 841 659 922 μόχθων.
720 851 844 915 10²0

371 934 484 992 50„
550 929 721 1002 Διὸς
776 928 1331 1011 ἀργικεραύνουε
1386 926 1516 1008 ἤτοι
1559 928 1718 1009 παρὰ
1764 929 1934 1002 Διός·
1990 928 2314 991 ἐνταῦθαΑ

233 1016 275 1099 ἡ
328 1019 490 1100 παρά
543 1017 899 1080 συναπτέον·
965 1018 1108 1079 ὥστε
1166 1012 1341 1080 εἶναι·
1408 1016 1567 1098 παρὰ
1621 1017 1767 1090 Διὸς
1828 1016 2256 1099 ἀργικεραύνου

235 1118 551 1189 πειρῶνται
606 1109 862 1189 μεγάλαν
917 1106 1130 1189 ἀρετὰν
1177 1113 1359 1191 θυμῷ
1406 1109 1607 1187 λαβεῖν
1654 1106 1974 1187 μαιόμενοι.
2112 1104 2145 1167 ὁ
2193 1103 2257 1168 δὲ

155 1219 207 1259 10
236 1196 435 1279 λόγος·
492 1198 546 1257 εἰ
598 1197 894 1276 φροντίζει
947 1205 1065 1258 τῶν
1119 1194 1459 1276 ἀνθρώπων
1514 1191 1548 1256 ὃ
1592 1191 1762 1275 ἡμεῖς
1817 1194 2058 1277 λέγομεν
2108 1194 2257 1257 ἀπο-

234 1295 563 1367 πειρῶνται.
711 1286 768 1346 b.
829 1283 862 1346 ὁ
923 1283 986 1345 δὲ
1026 1280 1395 1366 Ἀρίσταρχος
1446 1285 1657 1357 οὕτως·
1719 1283 2153 1366 ἀποπειρῶνται
2206 1285 2260 1346 εί

235 1373 618 1437 ἀντιποιεῖται
662 1373 797 1454 περὶ
840 1373 1181 1454 ἀνθρώπων
1225 1373 1327 1435 καὶ
1370 1372 1483 1453 ἔχει
1536 1373 1713 1454 λόγον
1758 1382 1876 1434 τῶν
1922 1375 2255 1453 ζητούντων

237 1462 449 1545 ἀρετὴν
495 1463 841 1542 κτήσασθαι.

373 1556 528 1614 108.
593 1550 834 1613 ἄνεται
890 1549 962 1614 δὲ
1015 1551 1190 1633 πρὸς
1243 1552 1474 1633 χάριν·
1536 1549 1833 1613 τουτέστιν
1888 1552 1951 1612 οἱ
1997 1550 2314 1631 εὐσεβεῖςΑ

156 1663 207 1702 15
236 1639 493 1703 ἀνύουσί
531 1636 670 1721 <τι>
714 1647 840 1714 ταῖς
884 1640 1033 1719 πρὸς
1078 1639 1262 1713 θεοὺς
1306 1645 1524 1719 λιταῖς,
1580 1641 1644 1701 οἱ
1693 1637 1756 1701 δὲ
1802 1638 2029 1721 ἀσεβεῖς
2076 1640 2257 1701 οὐδα-

238 1738 374 1810 μῶς.
520 1730 576 1790 b.
630 1727 672 1810 ἢ
727 1730 939 1803 οὕτως·
1004 1734 1236 1815 τελευτᾷ
1292 1727 1357 1791 δὲ
1411 1729 1560 1810 πρὸς
1619 1730 1788 1809 χάριν
1842 1728 2136 1809 εὐσεβείας
2190 1728 2255 1789 τὸ

237 1824 529 1898 μαντεῖον.
667 1838 715 1879 ο.
762 1817 803 1898 ἦ
848 1819 1062 1891 οὕτως·
1123 1816 1365 1880 ἀνύεται
1412 1817 1482 1879 τὰ
1529 1824 1771 1898 μαντεῖα
1812 1824 1942 1890 ταῖς
1986 1826 2104 1878 τῶν
2149 1815 2256 1878 ἀν-

239 1908 396 1990 δρῶν
443 1912 641 1980 λιταῖς.
786 1909 840 1967 d.
887 1905 1116 1988 βέλτιον
1171 1905 1258 1969 δέ·
1317 1911 1635 1969 τελειοῦται
1686 1906 1759 1970 τὰ
1814 1912 2055 1987 μαντεῖα
2107 1906 2256 1988 πρὸς

237 1997 300 2058 τὸ
348 1995 764 2077 κεχαρισμένον
810 1994 982 2057 ἕνεκα
1026 2006 1131 2077 τῆς
1176 1995 1501 2076 εὐσεβείας·
1547 1991 1677 2058 οἷον
1722 1998 1785 2059 οἰ
1816 1995 2073 2076 εὐσεβεῖς
2111 1995 2256 2058 ἀνύ-

156 2109 210 2147 20
238 2104 373 2147 ουσι
417 2091 545 2158 ταῖς
591 2085 739 2166 πρὸς
784 2085 968 2158 θεοὺς
1021 2090 1203 2158 λιταῖς
1247 2084 1349 2146 καὶ
1393 2085 1761 2164 λαμβάνουσι
1803 2084 2256 2166 κεχαρισμένους

235 2175 565 2255 χρησμοὺς,
620 2176 684 2236 οἱ
733 2171 796 2234 δὲ
853 2173 1081 2254 ἀσεβεῖς
1137 2171 1227 2235 οὐ.
1379 2195 1425 2235 e.
1477 2169 1907 2253 Ἀσκληπιάδης
1964 2173 2027 2234 δὲ
2082 2172 2256 2255 χωρὶς

236 2273 342 2324 τοῦ
389 2279 426 2323 σ
467 2262 681 2344 γράφει
723 2264 903 2323 λιταί·
950 2263 1144 2342 δεήσει
1189 2260 1252 2323 δὲ
1296 2262 1398 2323 καὶ
1434 2261 1616 2324 αὐτὸν
1653 2264 1975 2380 λαμβάνειν
2020 2261 2145 2324 τὸ’
2120 2260 2255 2324 άνε-

237 2374 331 2412 ται
385 2349 518 2413 ἀντὶ
570 2356 982 2430 πληθυντικοῦ
1035 2361 1142 2413 τοῦ
1191 2349 1466 2431 άνονται,
1522 2350 1623 2412 ινα
1664 2339 1736 2438 ᾖ·
1792 2356 2147 2413 τελειοῦνται
2193 2349 2256 2412 δὲ

237 2441 308 2500 αἱ
346 2439 495 2501 λιται
539 2440 686 2552 πρὸς
731 2440 842 2520 τὴν
885 2441 1055 2521 χάριν
1099 2450 1206 2520 της
1250 2439 1562 2521 εὐσεβείας.

155 2552 208 2591 25
377 2533 458 2591 10
477 2531 519 2590 f.
583 2527 827 2591 άνεται
873 2527 944 2591 δὲ
989 2528 1163 2607 πρὸς
1207 2530 1437 2610 χάρινε
1483 2527 1725 2591 ἀνύεται
1758 2526 1823 2591 δε
1857 2528 1921 2590 τὸ
1957 2538 2253 2592 τοιοῦτον·
2284 2547 2447 2604 Boeo

235 2617 301 2679 τὸ
347 2624 552 2694 ποῖον;
606 2617 671 2680 τὸ
718 2625 1146 2697 φανερωθῆναι
1189 2618 1300 2698 τὴν
1346 2628 1450 2680 τοῦ
1498 2617 1644 2690 Διὸς
1688 2618 1932 2698 βουλήν.
2016 2616 2256 2679 ἀνύεται

236 2702 387 2788 <δὲ>
443 2708 529 2780 είς
591 2708 760 2788 χάριν
832 2717 949 2769 τῶν
1021 2708 1276 2788 εὐσεβῶς
1348 2706 1448 2768 καὶ
1521 2704 1698 2780 ὁσίως
1761 2705 2093 2787 εὐχομένων
2154 2705 2256 2769 καὶ

238 2796 690 2908 λιτανευόντων,
745 2795 889 2878 ὅπερ
942 2795 1061 2858 ἐστὶ
1106 2807 1222 2857 τῶν
1268 2797 1535 2876 μάντεων
1580 2795 1681 2858 καὶ
1726 2795 1941 2877 ίερέων.
2032 2793 2264 2857 ἐπαινεῖ

238 2875 349 2946 ουν
402 2886 543 2959 ι’σως
597 2885 736 2957 τοὺς
775 2880 1033 2965 Ἰαμίδας
1088 2883 1168 2958 ὥς
1222 2885 1506 2966 εὐσεβεῖς·
1548 2878 1558 2968 Ι
1600 2886 1849 2947 δύναται
1904 2881 1967 2945 δὲ
2013 2883 2114 2946 καὶ
2156 2877 2251 2947 ἐπ’
2286 2902 2406 2958 nto

382 3114 409 3160 1
448 3108 485 3162 1.
516 3108 735 3200 ηαῌωη
764 3108 880 3164 CB:
919 3119 1380 3192 παραπειρῷνται
1409 3112 1457 3192 Β.
1496 3109 1668 3172 ἄλλως
1699 3109 1827 3167 Essv
1935 3115 2107 3164 9—11
2139 3125 2257 3164 cor-

237 3181 433 3304 {⁸:3¹th
459 3183 715 3305 ἔειζῖλόζῑν
731 3179 2257 3322 varalgfifggt}oxlxlgvgrzlil1ln)wdeultluro’mojessoegfsftztn(3315)

241 3324 299 3374 h.
337 3322 677 3389 ἀπειρῶνται
786 3329 851 3378 15
887 3342 943 3377 τι
981 3323 1176 3376 addidi
1215 3339 1282 3376 ex
1308 3326 1348 3378 V
1386 3326 1528 3392 (240,
1548 3326 1602 3394 ὅ)
1629 3325 1649 3392 ΙΙ
1675 3324 1848 3385 θεούς
1884 3323 2083 3392 scripsi
2120 3323 2186 3376 cl.
2218 3326 2257 3378 V

240 3396 361 3457 240,
382 3397 439 3444 5:
476 3396 630 3448 θεῶν
665 3394 708 3448 Α
837 3399 902 3447 19
928 3391 1296 3482 εὐσεβείαςν
1334 3396 1622 3465 (240,11);
1660 3392 1925 3463 μαντείας
2040 3399 2106 3448 21
2139 3391 2255 3447 Ἀσ-

239 3461 550 3550 κληπιάδης
576 3465 614 3517 V
652 3466 794 3533 (240,
815 3468 895 3534 6)·
928 3462 1248 3533 Ἀσκληπιὸς
1365 3471 1431 3520 22
1469 3469 1537 3519 λα
1539 3464 1763 3536 μβάνειε
1806 3470 1835 3519 b
1960 3470 2027 3518 23
2064 3473 2164 3518 τοῦ
2196 3467 2253 3517 h:

236 3533 300 3587 τὸ
327 3535 347 3602 ΙΙ
376 3532 611 3587 ἄνονται
647 3551 776 3604 ego:
816 3536 1069 3663 ἀνύεται
1083 3538 1126 3592 Α
1176 3536 1451 3592 ἀνύονται
1490 3539 1520 3592 b
1667 3543 1733 3590 27
1771 3537 1835 3590 δὲ
1874 3535 2070 3589 addidi
2096 3536 2115 3602 ΙΙ
2143 3534 2253 3601 εὐχ.

238 3605 336 3659 καὶ
371 3619 478 3657 om.
521 3606 557 3659 Ε
698 3610 767 3658 28
807 3605 1069 3674 ἱερίωνΕ
1213 3613 1282 3662 29
1319 3610 1383 3662 δὲ
1424 3608 1536 3665 Ess:
1578 3604 1679 3663 οὖν
1719 3610 1803 3664 BV
