2646 3882
973 238 1190 309 olymp.
1219 238 1351 293 VIH
1390 245 1612 294 10—21
2170 240 2298 305 241

421 408 500 465 12
521 407 563 465 f.
629 398 922 488 (ἅλσοςε)
970 406 1151 469 λείπει
1193 404 1258 467 τὸ
1305 404 1469 513 ἔχων.
2305 388 2409 469 8⁸¹·

391 497 579 555 142.
644 492 816 575 μέγα
860 517 968 556 τοι
1011 494 1239 567 κλέοςε
1295 518 1461 579 ῳτινι
1504 492 1581 555 ἂν
1634 494 1700 557 τὸ
1746 494 1854 557 σὸν
1897 493 2071 577 γέρας
2115 515 2358 577 παρα-Α

237 653 242 659 ,
279 582 648 669 κολουθήσῃ,
693 581 840 665 μέγα
883 580 1050 657 κλέος
1096 582 1256 668 αὐτῷ
1301 582 1477 645 ἐστιν.

419 672 572 732 14b.
639 669 813 753 μέγα
865 694 974 733 τοι
1026 670 1259 745 κλέοςε
1315 674 1553 754 μεγίστη
1607 672 1719 755 γὰρ
1775 670 1979 760 ἐκείνω
2026 672 2195 752 δόξα,
2252 662 2495 757 fiunto

226 780 250 819 5
278 760 356 823 ἂν
404 761 469 823 τὸ
516 760 622 822 σὸν
667 758 834 834 κλέος
877 759 1337 847 έπακολουθήσῃ
1383 760 1447 823 τὸ
1483 758 1603 841 ἡδὺ
1637 761 1739 823 καὶ
1772 762 2049 843 τερπνόν·
2088 760 2299 844 ἀγλαῖα

317 850 354 912 ὰ
436 846 475 927 ἡ
523 847 742 930 τέρψις.

278 876 316 933 y
357 875 516 1000 916.
581 936 752 998 ἄλλα
798 932 854 997 δ’
896 933 998 999 ἐπ’
1039 936 1251 1002 ἄλλον
1297 938 1497 1020 ἕβανε
1552 940 1625 1002 οὐ
1679 939 1892 1012 πάντες
1946 938 2018 999 τὰ
2062 938 2211 1000 αὐτὰ
2256 957 2505 1016 mento

280 1027 511 1109 ἔχουσιν
557 1028 788 1111 ἀγαθὰ,
833 1028 976 1091 ἀλλὰ
1019 1025 1194 1102 ἄλλος
1237 1028 1399 1089 ἄλλα.
1490 1026 1640 1111 λέγει
1685 1028 1769 1090 ὅτι
1824 1026 2002 1101 αὐτὸς
2050 1026 2081 1089 6
2123 1021 2301 1089 Ἀλκι-

282 1116 477 1198 μέδων
542 1112 833 1199 Ὀλύμπια
908 1118 1218 1196 νενίκηκεν
1238 1163 1258 1198 ,
1342 1116 1373 1179 6
1448 1115 1511 1177 δὲ
1594 1116 1851 1196 ἀδελφὸς
1926 1115 2301 1197 Τιμοσθένης

202 1225 254 1264 10
283 1205 511 1288 Νέμεα·
577 1206 670 1269 διὸ
736 1207 809 1269 οὗ
871 1208 1086 1279 πάντες
1149 1208 1390 1268 πάντων
1451 1214 1809 1269 κοινωνοῦσι
1863 1214 1981 1267 τῶν
2035 1205 2298 1287 ἀγαθῶν.

282 1290 567 1377 ΙὍμηρος
613 1290 699 1380 (Δ
737 1290 917 1379 32Ο)·
2300 1311 2506 1369 nacto

473 1380 597 1446 ἀλλ’
630 1382 704 1447 οὔ
748 1408 874 1459 πως
919 1386 1039 1466 ἅμα
1085 1385 1277 1446 πάντα
1321 1384 1458 1446 θεοὶ
1504 1384 1687 1446 δόσαν
1734 1382 2159 1466 ἀνθρώποισιν.

416 1476 514 1534 18.
580 1474 710 1536 σὺν
756 1480 986 1548 θεοῖςι
1031 1473 1164 1535 ἀντὶ
1207 1484 1335 1553 τοῦ,
1378 1482 1495 1534 τῶν
1542 1478 1705 1534 θεῶν
1740 1470 2120 1554 βουλομένων
2154 1476 2296 1535 πολ-
2326 1490 2406 1547 κο

279 1560 374 1623 λαὶ
420 1561 549 1625 ὁδοὶ
593 1564 859 1645 γίνονται
902 1564 986 1637 εἰς
1031 1562 1095 1625 τὸ
1142 1554 1208 1625 εὖ
1255 1563 1555 1643 πράσσειν.

199 1668 250 1708 15
417 1657 493 1714 19
517 1672 571 1713 a.
635 1649 815 1733 ὔμμε
870 1650 942 1713 δὲ
995 1652 1380 1733 κλάρωσενε
1434 1650 1589 1731 ὑμᾶς
1645 1650 1871 1731 μέντοι,
1926 1644 1972 1711 ὦ
2022 1651 2202 1732 Τιμό-
2249 1668 2497 1725 Β(ο)ῦεο

279 1745 520 1819 σθενες,
574 1738 862 1821 ἐκλήρωσε
915 1739 1016 1802 καὶ
1067 1741 1511 1827 προσωκείωσεν
1564 1736 1604 1819 ἡ
1660 1746 1837 1821 μοῖρα
1890 1740 1991 1801 καὶ
2044 1744 2107 1802 τὸ
2165 1742 2294 1801 δαι-

279 1828 489 1908 μόνιον
532 1834 614 1913 τῷ
642 1829 744 1890 Διὶ
789 1835 868 1914 τῷ
911 1830 1222 1915 γενεθλίῳ·
1268 1830 1555 1913 γενεθλίῳ
1601 1826 1665 1889 δὲ
1706 1834 1786 1914 τῷ
1823 1839 1929 1908 τῆς
1963 1828 2292 1911 γεννήσεως

277 1918 458 2004 αἰτίῳ.
532 1926 706 1980 τοῦτο
753 1916 818 1980 δὲ
863 1912 1024 1980 εἶπεν
1069 1916 1271 1996 ἐπειδὴ
1317 1917 1587 1999 νεώτεροι
1631 1916 1928 1998 ἐνίκησαν.

418 2007 572 2068 19b.
637 2005 1064 2089 ἔκλάρωσενε
1130 2005 1161 2068 6
1228 2007 1517 2087 μοιρίδιος
1580 2005 1750 2087 ὑμῶν
1812 2008 2031 2088 πότμος
2093 2008 2193 2071 καὶ
2254 2005 2354 2088 ’ἧΑ

199 2113 252 2152 20
279 2096 423 2175 τύχη
479 2094 890 2177 ἀπεκλήρωσεν
945 2095 1100 2176 ὑμᾶς
1153 2094 1299 2156 κατὰ
1356 2095 1464 2173 τὴν
1512 2094 1740 2176 γένεσιν
1784 2101 1867 2181 τῷ
1914 2096 2045 2176 Διὶ,
2099 2094 2163 2158 σέ
2215 2120 2297 2177 τε,

281 2177 327 2244 ὦ
375 2183 758 2264 Τιμόσθενες,
800 2184 902 2246 καὶ
945 2184 1050 2246 τὸν
1095 2183 1354 2262 ἀδελφὸν
1394 2178 1821 2260 Ἀλκιμέδοντα.

418 2276 496 2332 21
521 2293 572 2334 a.
638 2271 710 2334 έν
757 2270 1018 2358 Νεμέᾳε
1071 2273 1158 2334 ὅτι
1204 2271 1406 2351 Νέμεα
1450 2272 1781 2351 νενίκηκεν·
1826 2267 2182 2355 Ἀλκιμέδων
2230 2272 2293 2336 δὲ
2320 2295 2352 2338 Α

274 2355 584 2441 Ὀλύμπια·
631 2360 934 2443 ἀμφότερα
979 2359 1042 2422 δὲ
1088 2360 1190 2422 Διὶ
1234 2361 1587 2422 ἀνάκεινται.

419 2453 498 2510 21
520 2451 576 2510 b.
641 2448 714 2511 ἐν
760 2450 995 2535 Νεμέᾳ
1041 2451 1482 2532 πρόφαντονε
1529 2447 1789 2530 ἐπιφανῆ
1833 2450 1934 2511 καὶ
1980 2449 2271 2530 ἐπίσημον
2300 2471 2509 2528 Bouto

200 2556 254 2595 25
282 2537 572 2618 ἐποίησεν.
707 2561 754 2600 ο.
801 2538 1171 2620 ἀμφοτέρους
1218 2537 1281 2600 δὲ
1322 2539 1461 2611 τοὺς
1499 2537 1730 2619 ἀγῶνας
1766 2540 2012 2613 τούτους
2048 2539 2295 2601 ἀνάπτει

278 2633 359 2712 τῷ
406 2627 535 2707 Διὶ,
588 2628 852 2709 παρόσον
870 2621 996 2690 ·καὶ
1041 2624 1080 2706 ἡ
1121 2622 1408 2708 Ὀλυμπία
1460 2626 1559 2688 καὶ
1608 2624 1645 2706 ἡ
1695 2625 1897 2710 Νεμέα
1942 2629 2102 2702 Διός.
2143 2623 2153 2711 Ι
2192 2627 2293 2690 καὶ
2322 2649 2483 2706 Boeo

281 2714 312 2777 6
359 2717 727 2797 Καλλίμαχός
772 2735 922 2796 φησι
965 2710 1066 2800 (fr.
1110 2711 1291 2800 193)·

500 2806 659 2884 Ζηνί
698 2828 756 2866 τε
805 2804 905 2867 καὶ
950 2804 1150 2891 Νεμέῃ
1197 2828 1252 2866 τι
1295 2805 1560 2887 χαρίσιον
1607 2803 1784 2866 ἕδνον
1830 2803 2062 2884 ὀφείλω.

420 2983 454 3030 4
491 2976 597 3046 γὰρ
629 2978 694 3032 B:
733 2976 839 3046 γάρ
870 2976 1015 3031 ἐστιν
1046 2979 1082 3032 Ε
1120 2977 1182 3031 δὲ
1213 2977 1423 3032 ἔνεστιν
1454 2976 1547 3034 Do.
1573 2977 1592 3046 ΙΙ
1621 2973 1813 3049 ἐκείνῳ
1844 2976 1999 3039 δόσις
2026 2976 2068 3034 ss
2116 2977 2294 3032 ἐκεῖνο

279 3045 435 3110 δόσις
472 3049 508 3103 υ
654 3053 686 3100 5
726 3047 1084 3118 ἐπακολουθῇ
1126 3050 1163 3104 D
1311 3053 1340 3100 7
1382 3047 1549 3102 ἄλλον
1579 3049 1641 3103 V:
1682 3045 1859 3102 ἄλλων
1896 3049 1938 3104 Α
1966 3051 1985 3119 ΙΙ
2014 3047 2042 3103 ἔ
2077 3069 2149 3103 αν
2186 3065 2293 3103 om.

279 3118 426 3175 Αῧῦ
568 3125 601 3172 8
639 3118 798 3190 ἀλλὰ]
837 3117 975 3172 ἀλλὰ
1012 3119 1108 3174 καὶ
1148 3122 1184 3175 Ε
1211 3121 1230 3188 ΙΙ
1259 3118 1421 3180 ἄλλος
1456 3119 1593 3173 ἄλλα
1632 3118 1801 3176 ΑΕΩε
1840 3118 1973 3174 ἄλλο
2050 3121 2173 3181 λλος
2212 3122 2295 3176 Βν

280 3189 440 3251 ἄλλος
476 3189 650 3253 ἄλλως
688 3193 725 3247 D
754 3193 772 3260 ΙΙ
800 3188 943 3259 λέγει
981 3191 1048 3246 A:
1085 3198 1250 3244 τοῦτο
1287 3191 1351 3246 δὲ
1389 3185 1544 3245 εἶπεν
1571 3191 1609 3245 V
1636 3192 1656 3260 ΙΙ
1683 3190 1853 3253 αὐτὸς
1889 3189 1919 3244 ὁ
1950 3192 2017 3247 A:
2058 3190 2088 3244 6
2127 3191 2228 3260 μὲν
2256 3193 2294 3247 V

386 3265 418 3312 9
457 3257 708 3331 ἐνίκησεν
736 3263 774 3315 V
801 3263 820 3330 11
849 3260 1092 3331 ἀδελφὸς
1118 3278 1225 3315 om.
1255 3263 1293 3317 V
1411 3268 1476 3316 10
1504 3259 1697 3330 Νέμεα
1724 3263 1843 3318 AD:
1875 3261 1935 3318 ἐν
1962 3261 2155 3336 Νεμέᾳ
2181 3264 2201 3333 ΙΙ
2230 3263 2295 3317 οὐ

278 3329 486 3392 πάντες
512 3334 574 3386 V:
611 3331 818 3394 πάντες
853 3333 919 3386 οὐ
957 3334 999 3389 Α
1111 3338 1174 3385 11
1201 3329 1449 3402 Ὅμηρος,
1478 3335 1545 3387 A:
1582 3331 1740 3400 παρὰ
1774 3330 2157 3402 τὸῘΟμηρικόν
2185 3335 2223 3389 V

267 3407 348 3474 ,12
379 3399 493 3469 ἅμα
519 3401 706 3459 πάντα
725 3403 984 3474 Αῧ(Ε)οε
1006 3403 1232 3459 ἅπαντα
1262 3405 1343 3458 ΒΙ-
1444 3410 1509 3458 13
1537 3411 1636 3458 τοῦ
1665 3420 1771 3458 om.
1796 3406 1834 3458 Η
1930 3410 1995 3458 15
2024 3403 2292 3473 1.Βθ(Ε);

279 3471 422 3541 ὔμμε
449 3469 504 3527 δ’
535 3472 640 3526 έκλ.
668 3472 878 3543 πότμος
899 3477 936 3529 D
974 3474 1116 3545 ὔμμε
1143 3473 1209 3530 δέ
1225 3474 1267 3530 ss
1355 3481 1420 3529 16
1451 3473 1583 3530 ἐκλά
1618 3491 1723 3529 ωσε
1744 3477 1780 3530 Ε
1868 3481 1933 3528 19
1963 3473 2293 3544 ἐκλάρωσεν]

280 3564 315 3596 κ
340 3558 504 3596 roser.
533 3545 552 3612 ΙΙ
577 3545 756 3613 ἡμῶνε
788 3547 819 3600 b
911 3551 978 3600 25
1006 3546 1238 3608 τούτους
1263 3563 1370 3600 om.
1395 3547 1431 3602 Ε
1522 3496 1803 3620 28ρΝεμέᾳ
1821 3545 1863 3601 ss
1887 3549 1907 3614 ΙΙ
1933 3540 2186 3616 χαρίσιον
2207 3543 2243 3596 G
2258 3545 2293 3594 Ε

280 3619 397 3686 (-ον
426 3615 709 3684 extritum)
738 3616 802 3672 ss:
829 3616 1050 3688 χάρισιν
1080 3619 1160 3673 Βι-
1196 3620 1354 3688 (corr.
1383 3617 1641 3687 Bentley)
1667 3620 1687 3687 ΙΙ
1715 3616 1880 3672 ἕδνον
1911 3616 1950 3669 Β
1979 3617 1998 3682 ΙΙ
2026 3610 2234 3681 ὀφείλει
2255 3611 2290 3664 Ε

389 3712 560 3754 Senon.
588 3724 640 3754 nc
667 3714 928 3756 Pumuzmt
955 3717 1024 3758 ed.
1051 3717 1430 3756 Brachmann.
1909 3706 1973 3754 16
