<?xml version="1.0" encoding="UTF-8"?>
<!DOCTYPE html PUBLIC "-//W3C//DTD XHTML 1.0 Transitional//EN"
    "http://www.w3.org/TR/xhtml1/DTD/xhtml1-transitional.dtd">
<html xmlns="http://www.w3.org/1999/xhtml" xml:lang="en" lang="en">
 <head>
  <title>
</title>
<meta http-equiv="Content-Type" content="text/html;charset=utf-8" />
  <meta name='ocr-system' content='tesseract 3.04.00' />
  <meta name='ocr-capabilities' content='ocr_page ocr_carea ocr_par ocr_line ocrx_word'/>
</head>
<body>
  <div class='ocr_page' id='page_1' title='image "./scholiaveterain00dracgoog_0283.png"; bbox 0 0 2646 3882; ppageno 0'>
   <div class='ocr_carea' id='block_1_1' title="bbox 966 235 2302 306">
    <p class='ocr_par' dir='ltr' id='par_1_1' title="bbox 966 235 2302 306">
     <span class='ocr_line' id='line_1_1' title="bbox 966 235 2302 306; baseline 0.012 -17"><span class='ocrx_word' id='word_1_1' title='bbox 966 236 1184 306; x_wconf 79' lang='lat' dir='ltr'><strong>Olymp.</strong></span> <span class='ocrx_word' id='word_1_2' title='bbox 1215 235 1343 291; x_wconf 86' lang='lat' dir='ltr'><strong><em>Vm</em></strong></span> <span class='ocrx_word' id='word_1_3' title='bbox 1378 242 1606 291; x_wconf 82' lang='lat'><em>60—64</em></span> <span class='ocrx_word' id='word_1_4' title='bbox 2171 239 2302 305; x_wconf 86' lang='grc'><strong><em>253</em></strong></span> 
     </span>
    </p>
   </div>
   <div class='ocr_carea' id='block_1_2' title="bbox 195 394 2513 2796">
    <p class='ocr_par' dir='ltr' id='par_1_2' title="bbox 283 394 2508 662">
     <span class='ocr_line' id='line_1_2' title="bbox 417 394 2508 487; baseline 0.004 -26"><span class='ocrx_word' id='word_1_5' title='bbox 417 404 495 462; x_wconf 88' lang='grc'><strong><em>61</em></strong></span> <span class='ocrx_word' id='word_1_6' title='bbox 528 422 579 463; x_wconf 77' lang='lat' dir='ltr'><strong><em>a.</em></strong></span> <span class='ocrx_word' id='word_1_7' title='bbox 645 394 734 475; x_wconf 77' lang='grc' dir='ltr'><strong><em>ὧς</em></strong></span> <span class='ocrx_word' id='word_1_8' title='bbox 779 399 916 483; x_wconf 68' lang='grc' dir='ltr'><strong><em>ἄρα</em></strong></span> <span class='ocrx_word' id='word_1_9' title='bbox 951 401 1121 477; x_wconf 88' lang='grc' dir='ltr'><strong><em>θεὸς</em></strong></span> <span class='ocrx_word' id='word_1_10' title='bbox 1159 404 1350 482; x_wconf 80' lang='grc' dir='ltr'><strong><em>σάφα</em></strong></span> <span class='ocrx_word' id='word_1_11' title='bbox 1384 404 1613 477; x_wconf 74' lang='grc' dir='ltr'><strong><em>εἴπαςτ</em></strong></span> <span class='ocrx_word' id='word_1_12' title='bbox 1658 415 1841 466; x_wconf 79' lang='grc' dir='ltr'><strong><em>ταῦτα</em></strong></span> <span class='ocrx_word' id='word_1_13' title='bbox 1875 405 1945 467; x_wconf 86' lang='grc' dir='ltr'><strong><em>τὰ</em></strong></span> <span class='ocrx_word' id='word_1_14' title='bbox 1980 404 2114 487; x_wconf 78' lang='grc' dir='ltr'><strong><em>περὶ</em></strong></span> <span class='ocrx_word' id='word_1_15' title='bbox 2148 416 2266 468; x_wconf 82' lang='grc' dir='ltr'><strong><em>τῶν</em></strong></span> <span class='ocrx_word' id='word_1_16' title='bbox 2295 425 2508 482; x_wconf 69' lang='lat' dir='ltr'>uento</span> 
     </span>
     <span class='ocr_line' id='line_1_3' title="bbox 283 488 2300 572; baseline 0.003 -22"><span class='ocrx_word' id='word_1_17' title='bbox 283 490 621 571; x_wconf 82' lang='grc' dir='ltr'><strong><em>δρακόντων</em></strong></span> <span class='ocrx_word' id='word_1_18' title='bbox 688 497 899 572; x_wconf 82' lang='grc' dir='ltr'><strong><em>σημεῖα</em></strong></span> <span class='ocrx_word' id='word_1_19' title='bbox 963 502 1166 569; x_wconf 84' lang='grc' dir='ltr'><strong><em>σαφῶς</em></strong></span> <span class='ocrx_word' id='word_1_20' title='bbox 1231 494 1513 566; x_wconf 80' lang='grc' dir='ltr'><strong><em>διαλύσας</em></strong></span> <span class='ocrx_word' id='word_1_21' title='bbox 1578 491 1610 554; x_wconf 90' lang='lat'><em>6</em></span> <span class='ocrx_word' id='word_1_22' title='bbox 1660 488 1955 556; x_wconf 86' lang='grc' dir='ltr'><strong><em>Ἀπόλλων</em></strong></span> <span class='ocrx_word' id='word_1_23' title='bbox 2018 495 2102 568; x_wconf 82' lang='grc' dir='ltr'><strong><em>εἰς</em></strong></span> <span class='ocrx_word' id='word_1_24' title='bbox 2159 495 2300 568; x_wconf 78' lang='grc' dir='ltr'><strong><em>τοὺς</em></strong></span> 
     </span>
     <span class='ocr_line' id='line_1_4' title="bbox 283 577 1124 662; baseline 0.002 -22"><span class='ocrx_word' id='word_1_25' title='bbox 283 579 474 652; x_wconf 79' lang='grc' dir='ltr'><strong><em>ἰδίους</em></strong></span> <span class='ocrx_word' id='word_1_26' title='bbox 520 577 804 643; x_wconf 77' lang='grc' dir='ltr'><strong><em>ἐστέλλετο</em></strong></span> <span class='ocrx_word' id='word_1_27' title='bbox 851 580 1124 662; x_wconf 80' lang='grc' dir='ltr'><strong><em>κλήρους.</em></strong></span> 
     </span>
    </p>

    <p class='ocr_par' dir='ltr' id='par_1_3' title="bbox 414 662 2379 752">
     <span class='ocr_line' id='line_1_5' title="bbox 414 662 2379 752; baseline 0.003 -23"><span class='ocrx_word' id='word_1_28' title='bbox 414 671 494 729; x_wconf 88' lang='grc'><strong><em>61</em></strong></span> <span class='ocrx_word' id='word_1_29' title='bbox 517 670 572 729; x_wconf 90' lang='lat' dir='ltr'><strong><em>b.</em></strong></span> <span class='ocrx_word' id='word_1_30' title='bbox 636 662 926 752; x_wconf 69' lang='grc' dir='ltr'><strong><em>(εἴπαςι)</em></strong></span> <span class='ocrx_word' id='word_1_31' title='bbox 972 670 1292 749; x_wconf 88' lang='grc' dir='ltr'><strong><em>σημείωσαι</em></strong></span> <span class='ocrx_word' id='word_1_32' title='bbox 1336 668 1401 731; x_wconf 88' lang='grc' dir='ltr'><strong><em>τὸ</em></strong></span> <span class='ocrx_word' id='word_1_33' title='bbox 1447 670 1631 744; x_wconf 79' lang='grc' dir='ltr'><strong><em>εἴπας.</em></strong></span> <span class='ocrx_word' id='word_1_34' title='bbox 2302 682 2379 734; x_wconf 75' lang='lat'><strong><em>8⁸¹</em></strong></span> 
     </span>
    </p>

    <p class='ocr_par' dir='ltr' id='par_1_4' title="bbox 225 754 2353 1017">
     <span class='ocr_line' id='line_1_6' title="bbox 225 754 2353 840; baseline 0.002 -22"><span class='ocrx_word' id='word_1_35' title='bbox 225 777 250 818; x_wconf 85' lang='lat'><strong>5</strong></span> <span class='ocrx_word' id='word_1_36' title='bbox 415 760 496 818; x_wconf 85' lang='grc'><strong><em>62</em></strong></span> <span class='ocrx_word' id='word_1_37' title='bbox 519 778 571 819; x_wconf 78' lang='lat' dir='ltr'><strong><em>a.</em></strong></span> <span class='ocrx_word' id='word_1_38' title='bbox 637 754 925 823; x_wconf 77' lang='grc' dir='ltr'><strong><em>Ξάνθον</em></strong></span> <span class='ocrx_word' id='word_1_39' title='bbox 959 756 1274 840; x_wconf 72' lang='grc' dir='ltr'><strong><em>ἤπειγενε</em></strong></span> <span class='ocrx_word' id='word_1_40' title='bbox 1320 760 1581 840; x_wconf 87' lang='grc' dir='ltr'><strong><em>ποταμὸς</em></strong></span> <span class='ocrx_word' id='word_1_41' title='bbox 1616 760 1877 833; x_wconf 86' lang='grc' dir='ltr'><strong><em>Λυκίας·</em></strong></span> <span class='ocrx_word' id='word_1_42' title='bbox 1925 756 2034 839; x_wconf 74' lang='grc' dir='ltr'><strong><em>ἀφ’</em></strong></span> <span class='ocrx_word' id='word_1_43' title='bbox 2077 754 2152 821; x_wconf 80' lang='grc' dir='ltr'><strong><em>οὗ</em></strong></span> <span class='ocrx_word' id='word_1_44' title='bbox 2189 761 2295 839; x_wconf 80' lang='grc' dir='ltr'><strong><em>δη-</em></strong></span> <span class='ocrx_word' id='word_1_45' title='bbox 2322 779 2353 822; x_wconf 84' lang='grc' dir='ltr'><strong>Α</strong></span> 
     </span>
     <span class='ocr_line' id='line_1_7' title="bbox 278 845 2299 931; baseline 0.002 -24"><span class='ocrx_word' id='word_1_46' title='bbox 278 852 380 908; x_wconf 85' lang='grc' dir='ltr'><strong><em>λοῖ</em></strong></span> <span class='ocrx_word' id='word_1_47' title='bbox 433 846 523 908; x_wconf 70' lang='grc' dir='ltr'><strong><em>ὅτι</em></strong></span> <span class='ocrx_word' id='word_1_48' title='bbox 585 848 670 921; x_wconf 84' lang='grc' dir='ltr'><strong><em>εἰς</em></strong></span> <span class='ocrx_word' id='word_1_49' title='bbox 715 848 954 909; x_wconf 83' lang='grc' dir='ltr'><strong><em>Λυκίαν</em></strong></span> <span class='ocrx_word' id='word_1_50' title='bbox 1015 845 1298 929; x_wconf 70' lang='grc' dir='ltr'><strong><em>ἠπείγετο.</em></strong></span> <span class='ocrx_word' id='word_1_51' title='bbox 1453 850 1508 909; x_wconf 91' lang='lat' dir='ltr'><strong><em>b.</em></strong></span> <span class='ocrx_word' id='word_1_52' title='bbox 1563 846 1807 931; x_wconf 75' lang='grc' dir='ltr'><strong><em>ἤπειγε</em></strong></span> <span class='ocrx_word' id='word_1_53' title='bbox 1871 846 1935 910; x_wconf 80' lang='grc' dir='ltr'><strong><em>δὲ</em></strong></span> <span class='ocrx_word' id='word_1_54' title='bbox 2000 847 2131 910; x_wconf 79' lang='grc' dir='ltr'><strong><em>ἀντὶ</em></strong></span> <span class='ocrx_word' id='word_1_55' title='bbox 2194 859 2299 912; x_wconf 81' lang='grc' dir='ltr'><strong><em>τοῦ</em></strong></span> 
     </span>
     <span class='ocr_line' id='line_1_8' title="bbox 277 934 1560 1017; baseline 0.002 -21"><span class='ocrx_word' id='word_1_56' title='bbox 277 934 566 1017; x_wconf 78' lang='grc' dir='ltr'><strong><em>ἠπείγετο,</em></strong></span> <span class='ocrx_word' id='word_1_57' title='bbox 611 934 984 1017; x_wconf 75' lang='grc' dir='ltr'><strong><em>ἐνεργητικὸν</em></strong></span> <span class='ocrx_word' id='word_1_58' title='bbox 1028 934 1159 998; x_wconf 79' lang='grc' dir='ltr'><strong><em>ἀντὶ</em></strong></span> <span class='ocrx_word' id='word_1_59' title='bbox 1202 943 1560 1017; x_wconf 82' lang='grc' dir='ltr'><strong><em>παθητικοῦ.</em></strong></span> 
     </span>
    </p>

    <p class='ocr_par' dir='ltr' id='par_1_5' title="bbox 278 1020 2504 1197">
     <span class='ocr_line' id='line_1_9' title="bbox 415 1020 2504 1107; baseline 0.002 -22"><span class='ocrx_word' id='word_1_60' title='bbox 415 1028 564 1085; x_wconf 79' lang='lat'><strong><em>620.</em></strong></span> <span class='ocrx_word' id='word_1_61' title='bbox 631 1021 917 1089; x_wconf 77' lang='grc' dir='ltr'><strong><em>Ξάνθον</em></strong></span> <span class='ocrx_word' id='word_1_62' title='bbox 962 1023 1251 1107; x_wconf 85' lang='grc' dir='ltr'><strong><em>ηπειγεν</em></strong></span> <span class='ocrx_word' id='word_1_63' title='bbox 1296 1026 1414 1087; x_wconf 78' lang='grc' dir='ltr'><strong><em>καὶ</em></strong></span> <span class='ocrx_word' id='word_1_64' title='bbox 1445 1020 1852 1105; x_wconf 73' lang='grc' dir='ltr'><strong><em>Ἀμαζόναςι</em></strong></span> <span class='ocrx_word' id='word_1_65' title='bbox 1898 1024 2013 1088; x_wconf 83' lang='grc' dir='ltr'><strong><em>ἀπὸ</em></strong></span> <span class='ocrx_word' id='word_1_66' title='bbox 2052 1036 2259 1089; x_wconf 79' lang='grc' dir='ltr'><strong><em>κοινοῦ</em></strong></span> <span class='ocrx_word' id='word_1_67' title='bbox 2298 1044 2504 1102; x_wconf 68' lang='lat' dir='ltr'>Bouto</span> 
     </span>
     <span class='ocr_line' id='line_1_10' title="bbox 278 1108 2486 1201; baseline 0.002 -27"><span class='ocrx_word' id='word_1_68' title='bbox 278 1112 341 1174; x_wconf 88' lang='grc' dir='ltr'><strong><em>τὸ</em></strong></span> <span class='ocrx_word' id='word_1_69' title='bbox 399 1112 698 1193; x_wconf 76' lang='grc' dir='ltr'><strong><em>ἔσπευδεν,</em></strong></span> <span class='ocrx_word' id='word_1_70' title='bbox 739 1114 748 1189; x_wconf 90' lang='grc' dir='ltr'>Ι</span> <span class='ocrx_word' id='word_1_71' title='bbox 789 1114 872 1187; x_wconf 84' lang='grc' dir='ltr'><strong><em>εἰς</em></strong></span> <span class='ocrx_word' id='word_1_72' title='bbox 926 1112 1029 1186; x_wconf 83' lang='grc' dir='ltr'><strong><em>τὰς</em></strong></span> <span class='ocrx_word' id='word_1_73' title='bbox 1067 1108 1423 1194; x_wconf 79' lang='grc' dir='ltr'><strong><em>Ἀμαζόνας,</em></strong></span> <span class='ocrx_word' id='word_1_74' title='bbox 1478 1112 1660 1187; x_wconf 77' lang='grc' dir='ltr'><strong><em>οὔσας</em></strong></span> <span class='ocrx_word' id='word_1_75' title='bbox 1714 1113 1874 1197; x_wconf 81' lang='grc' dir='ltr'><strong><em>παρὰ</em></strong></span> <span class='ocrx_word' id='word_1_76' title='bbox 1928 1121 2007 1201; x_wconf 74' lang='grc' dir='ltr'><strong><em>τῷ</em></strong></span> <span class='ocrx_word' id='word_1_77' title='bbox 2060 1117 2291 1197; x_wconf 84' lang='grc' dir='ltr'><strong><em>Θερμώ-</em></strong></span> <span class='ocrx_word' id='word_1_78' title='bbox 2322 1133 2486 1191; x_wconf 70' lang='lat' dir='ltr'><strong><em>Boeo</em></strong></span> 
     </span>
    </p>

    <p class='ocr_par' dir='ltr' id='par_1_6' title="bbox 197 1197 2507 1641">
     <span class='ocr_line' id='line_1_11' title="bbox 197 1197 2296 1289; baseline 0.001 -27"><span class='ocrx_word' id='word_1_79' title='bbox 197 1222 252 1261; x_wconf 81' lang='lat'><strong><em>10</em></strong></span> <span class='ocrx_word' id='word_1_80' title='bbox 281 1202 444 1264; x_wconf 88' lang='grc' dir='ltr'><strong><em>δοντι</em></strong></span> <span class='ocrx_word' id='word_1_81' title='bbox 505 1208 746 1283; x_wconf 80' lang='grc' dir='ltr'><strong><em>ποταμῷ</em></strong></span> <span class='ocrx_word' id='word_1_82' title='bbox 812 1212 915 1282; x_wconf 78' lang='grc' dir='ltr'><strong><em>τῆς</em></strong></span> <span class='ocrx_word' id='word_1_83' title='bbox 980 1204 1431 1285; x_wconf 81' lang='grc' dir='ltr'><strong><em>Παφλαγονίας·</em></strong></span> <span class='ocrx_word' id='word_1_84' title='bbox 1500 1197 1580 1264; x_wconf 76' lang='grc' dir='ltr'><strong><em>ἵν’</em></strong></span> <span class='ocrx_word' id='word_1_85' title='bbox 1636 1202 1735 1289; x_wconf 72' lang='grc' dir='ltr'><strong><em>ἔχῃ</em></strong></span> <span class='ocrx_word' id='word_1_86' title='bbox 1794 1203 1859 1265; x_wconf 85' lang='grc' dir='ltr'><strong><em>τὸ</em></strong></span> <span class='ocrx_word' id='word_1_87' title='bbox 1922 1202 2057 1284; x_wconf 76' lang='grc' dir='ltr'><strong><em>ἑξῆς</em></strong></span> <span class='ocrx_word' id='word_1_88' title='bbox 2121 1205 2296 1285; x_wconf 74' lang='grc' dir='ltr'><strong><em>οὕτω,</em></strong></span> 
     </span>
     <span class='ocr_line' id='line_1_12' title="bbox 276 1289 2297 1374; baseline 0.001 -23"><span class='ocrx_word' id='word_1_89' title='bbox 276 1290 424 1352; x_wconf 77' lang='grc' dir='ltr'><strong><em>κατὰ</em></strong></span> <span class='ocrx_word' id='word_1_90' title='bbox 467 1289 570 1352; x_wconf 86' lang='grc' dir='ltr'><strong><em>τὸν</em></strong></span> <span class='ocrx_word' id='word_1_91' title='bbox 613 1300 718 1370; x_wconf 80' lang='grc' dir='ltr'><strong><em>τῆς</em></strong></span> <span class='ocrx_word' id='word_1_92' title='bbox 771 1294 1180 1373; x_wconf 84' lang='grc' dir='ltr'><strong><em>χωρογραφίας</em></strong></span> <span class='ocrx_word' id='word_1_93' title='bbox 1226 1292 1424 1374; x_wconf 90' lang='grc' dir='ltr'><strong><em>λόγον·</em></strong></span> <span class='ocrx_word' id='word_1_94' title='bbox 1486 1302 1721 1373; x_wconf 83' lang='grc' dir='ltr'><strong><em>πρῶτον</em></strong></span> <span class='ocrx_word' id='word_1_95' title='bbox 1774 1290 1883 1373; x_wconf 84' lang='grc' dir='ltr'><strong><em>μὲν</em></strong></span> <span class='ocrx_word' id='word_1_96' title='bbox 1927 1293 2012 1365; x_wconf 81' lang='grc' dir='ltr'><strong><em>εἰς</em></strong></span> <span class='ocrx_word' id='word_1_97' title='bbox 2057 1293 2297 1355; x_wconf 86' lang='grc' dir='ltr'><strong><em>Λυκίαν</em></strong></span> 
     </span>
     <span class='ocr_line' id='line_1_13' title="bbox 277 1374 2507 1495; baseline 0.002 -55"><span class='ocrx_word' id='word_1_98' title='bbox 277 1378 583 1442; x_wconf 77' lang='grc' dir='ltr'><strong><em>ἔσπευδεν·</em></strong></span> <span class='ocrx_word' id='word_1_99' title='bbox 626 1374 636 1463; x_wconf 89' lang='grc' dir='ltr'>Ι</span> <span class='ocrx_word' id='word_1_100' title='bbox 677 1380 872 1442; x_wconf 73' lang='grc' dir='ltr'><strong><em>ἒπειτα</em></strong></span> <span class='ocrx_word' id='word_1_101' title='bbox 907 1380 990 1453; x_wconf 83' lang='grc' dir='ltr'><strong><em>εἰς</em></strong></span> <span class='ocrx_word' id='word_1_102' title='bbox 1025 1381 1129 1454; x_wconf 83' lang='grc' dir='ltr'><strong><em>τὰς</em></strong></span> <span class='ocrx_word' id='word_1_103' title='bbox 1159 1375 1509 1460; x_wconf 81' lang='grc' dir='ltr'><strong><em>Ἀμαζόνας·</em></strong></span> <span class='ocrx_word' id='word_1_104' title='bbox 1548 1375 1669 1442; x_wconf 75' lang='grc' dir='ltr'><strong><em>εἶτα</em></strong></span> <span class='ocrx_word' id='word_1_105' title='bbox 1706 1379 1935 1443; x_wconf 78' lang='grc' dir='ltr'><strong><em>ἐκεῖθεν</em></strong></span> <span class='ocrx_word' id='word_1_106' title='bbox 1974 1380 2267 1495; x_wconf 82' lang='grc' dir='ltr'><strong><em>διέβαινεν</em></strong></span> <span class='ocrx_word' id='word_1_107' title='bbox 2297 1399 2507 1456; x_wconf 70' lang='lat' dir='ltr'>scuto</span> 
     </span>
     <span class='ocr_line' id='line_1_14' title="bbox 277 1464 2297 1553; baseline 0.001 -24"><span class='ocrx_word' id='word_1_108' title='bbox 277 1469 361 1541; x_wconf 87' lang='grc' dir='ltr'><strong><em>εἰς</em></strong></span> <span class='ocrx_word' id='word_1_109' title='bbox 406 1470 688 1531; x_wconf 85' lang='grc' dir='ltr'><strong><em>Σκυθίαν</em></strong></span> <span class='ocrx_word' id='word_1_110' title='bbox 733 1468 834 1531; x_wconf 87' lang='grc' dir='ltr'><strong><em>καὶ</em></strong></span> <span class='ocrx_word' id='word_1_111' title='bbox 877 1466 1058 1550; x_wconf 58' lang='lat' dir='ltr'>(gal)</span> <span class='ocrx_word' id='word_1_112' title='bbox 1101 1470 1205 1532; x_wconf 89' lang='grc' dir='ltr'><strong><em>τὸν</em></strong></span> <span class='ocrx_word' id='word_1_113' title='bbox 1239 1467 1470 1551; x_wconf 88' lang='grc' dir='ltr'><strong><em>Ἴστρον</em></strong></span> <span class='ocrx_word' id='word_1_114' title='bbox 1514 1470 1780 1551; x_wconf 89' lang='grc' dir='ltr'><strong><em>ποταμὸν</em></strong></span> <span class='ocrx_word' id='word_1_115' title='bbox 1824 1464 2003 1553; x_wconf 80' lang='grc' dir='ltr'><strong><em>(λέγει</em></strong></span> <span class='ocrx_word' id='word_1_116' title='bbox 2048 1468 2113 1532; x_wconf 84' lang='grc' dir='ltr'><strong><em>δὲ</em></strong></span> <span class='ocrx_word' id='word_1_117' title='bbox 2158 1471 2297 1543; x_wconf 80' lang='grc' dir='ltr'><strong><em>τοὺς</em></strong></span> 
     </span>
     <span class='ocr_line' id='line_1_15' title="bbox 270 1552 2296 1667; baseline 0.001 -50.021"><span class='ocrx_word' id='word_1_118' title='bbox 270 1552 718 1667; x_wconf 60' lang='grc' dir='ltr'><strong><em>’Τπερβορέους)</em></strong></span> <span class='ocrx_word' id='word_1_119' title='bbox 781 1558 1140 1640; x_wconf 88' lang='grc' dir='ltr'><strong><em>παρεγένετο.</em></strong></span> <span class='ocrx_word' id='word_1_120' title='bbox 1224 1582 1323 1619; x_wconf 85' lang='grc' dir='ltr'><strong><em>και</em></strong></span> <span class='ocrx_word' id='word_1_121' title='bbox 1387 1558 1459 1619; x_wconf 80' lang='grc' dir='ltr'><strong><em>τὰ</em></strong></span> <span class='ocrx_word' id='word_1_122' title='bbox 1514 1556 1623 1638; x_wconf 78' lang='grc' dir='ltr'><strong><em>μὲν</em></strong></span> <span class='ocrx_word' id='word_1_123' title='bbox 1686 1568 1885 1641; x_wconf 87' lang='grc' dir='ltr'><strong><em>πρῶτα</em></strong></span> <span class='ocrx_word' id='word_1_124' title='bbox 1947 1560 2128 1641; x_wconf 82' lang='grc' dir='ltr'><strong><em>χωρία</em></strong></span> <span class='ocrx_word' id='word_1_125' title='bbox 2191 1568 2296 1639; x_wconf 80' lang='grc' dir='ltr'><strong><em>τῆς</em></strong></span> 
     </span>
    </p>

    <p class='ocr_par' dir='ltr' id='par_1_7' title="bbox 197 1641 1679 1758">
     <span class='ocr_line' id='line_1_16' title="bbox 197 1641 1679 1758; baseline 0.001 -52"><span class='ocrx_word' id='word_1_126' title='bbox 197 1665 251 1706; x_wconf 78' lang='lat'><strong><em>15</em></strong></span> <span class='ocrx_word' id='word_1_127' title='bbox 273 1641 470 1719; x_wconf 87' lang='grc' dir='ltr'><strong><em>Ἀσίας</em></strong></span> <span class='ocrx_word' id='word_1_128' title='bbox 517 1646 692 1758; x_wconf 63' lang='grc' dir='ltr'><strong><em>εἰσὶ,Η</em></strong></span> <span class='ocrx_word' id='word_1_129' title='bbox 693 1644 762 1707; x_wconf 81' lang='grc' dir='ltr'><strong><em>τὰ</em></strong></span> <span class='ocrx_word' id='word_1_130' title='bbox 811 1645 874 1708; x_wconf 82' lang='grc' dir='ltr'><strong><em>δὲ</em></strong></span> <span class='ocrx_word' id='word_1_131' title='bbox 921 1648 1162 1730; x_wconf 83' lang='grc' dir='ltr'><strong><em>δεύτερα</em></strong></span> <span class='ocrx_word' id='word_1_132' title='bbox 1206 1657 1312 1727; x_wconf 81' lang='grc' dir='ltr'><strong><em>τῆς</em></strong></span> <span class='ocrx_word' id='word_1_133' title='bbox 1360 1647 1679 1730; x_wconf 81' lang='grc' dir='ltr'><strong><em>Εὐρώπης.</em></strong></span> 
     </span>
    </p>

    <p class='ocr_par' dir='ltr' id='par_1_8' title="bbox 275 1732 2513 1907">
     <span class='ocr_line' id='line_1_17' title="bbox 413 1732 2513 1819; baseline 0.002 -24"><span class='ocrx_word' id='word_1_134' title='bbox 413 1738 570 1796; x_wconf 83' lang='lat' dir='ltr'><strong><em>62d.</em></strong></span> <span class='ocrx_word' id='word_1_135' title='bbox 635 1732 924 1801; x_wconf 78' lang='grc' dir='ltr'><strong><em>Ξάνθον</em></strong></span> <span class='ocrx_word' id='word_1_136' title='bbox 953 1733 1353 1819; x_wconf 70' lang='grc' dir='ltr'><strong><em>&lt;ήπειγεν&gt;ε</em></strong></span> <span class='ocrx_word' id='word_1_137' title='bbox 1390 1736 1683 1798; x_wconf 76' lang='grc' dir='ltr'><strong><em>ἔσπευδεν.</em></strong></span> <span class='ocrx_word' id='word_1_138' title='bbox 1812 1758 1859 1797; x_wconf 85' lang='lat' dir='ltr'>e</span> <span class='ocrx_word' id='word_1_139' title='bbox 1898 1736 1962 1797; x_wconf 78' lang='grc' dir='ltr'><strong><em>ἐκ</em></strong></span> <span class='ocrx_word' id='word_1_140' title='bbox 2000 1734 2064 1798; x_wconf 83' lang='grc' dir='ltr'><strong><em>δὲ</em></strong></span> <span class='ocrx_word' id='word_1_141' title='bbox 2099 1738 2236 1799; x_wconf 83' lang='grc' dir='ltr'><strong><em>τού-</em></strong></span> <span class='ocrx_word' id='word_1_142' title='bbox 2266 1754 2513 1811; x_wconf 63' lang='lat' dir='ltr'><strong>Bonoso</strong></span> 
     </span>
     <span class='ocr_line' id='line_1_18' title="bbox 275 1824 1461 1912; baseline 0.002 -27"><span class='ocrx_word' id='word_1_143' title='bbox 275 1847 382 1886; x_wconf 92' lang='grc' dir='ltr'><strong><em>του</em></strong></span> <span class='ocrx_word' id='word_1_144' title='bbox 427 1824 511 1897; x_wconf 85' lang='grc' dir='ltr'><strong><em>είς</em></strong></span> <span class='ocrx_word' id='word_1_145' title='bbox 556 1826 817 1887; x_wconf 87' lang='grc' dir='ltr'><strong><em>Λυκίαν·</em></strong></span> <span class='ocrx_word' id='word_1_146' title='bbox 869 1824 992 1906; x_wconf 77' lang='grc' dir='ltr'><strong><em>ἱερὰ</em></strong></span> <span class='ocrx_word' id='word_1_147' title='bbox 1037 1825 1148 1907; x_wconf 84' lang='grc' dir='ltr'><strong><em>γὰρ</em></strong></span> <span class='ocrx_word' id='word_1_148' title='bbox 1193 1832 1272 1910; x_wconf 78' lang='grc' dir='ltr'><strong><em>τῷ</em></strong></span> <span class='ocrx_word' id='word_1_149' title='bbox 1319 1832 1461 1912; x_wconf 74' lang='grc' dir='ltr'><strong><em>θεῷ.</em></strong></span> 
     </span>
    </p>

    <p class='ocr_par' dir='ltr' id='par_1_9' title="bbox 276 1888 2507 2083">
     <span class='ocr_line' id='line_1_19' title="bbox 413 1888 2507 1997; baseline 0.002 -23"><span class='ocrx_word' id='word_1_150' title='bbox 413 1917 514 1976; x_wconf 85' lang='grc'><strong><em>63.</em></strong></span> <span class='ocrx_word' id='word_1_151' title='bbox 563 1910 840 1996; x_wconf 87' lang='grc' dir='ltr'><strong><em>Ἴστρον</em></strong></span> <span class='ocrx_word' id='word_1_152' title='bbox 885 1913 1228 1978; x_wconf 74' lang='grc' dir='ltr'><strong><em>ἐλαύνωνε</em></strong></span> <span class='ocrx_word' id='word_1_153' title='bbox 1275 1915 1359 1988; x_wconf 77' lang='grc' dir='ltr'><strong><em>εἰς</em></strong></span> <span class='ocrx_word' id='word_1_154' title='bbox 1387 1888 1826 1996; x_wconf 75' lang='grc' dir='ltr'><strong><em>Ὑπερβορέους,</em></strong></span> <span class='ocrx_word' id='word_1_155' title='bbox 1870 1913 2025 1976; x_wconf 80' lang='grc' dir='ltr'><strong><em>ἔνθα</em></strong></span> <span class='ocrx_word' id='word_1_156' title='bbox 2044 1910 2267 1997; x_wconf 87' lang='grc' dir='ltr'><strong><em>Ἴστρος</em></strong></span> <span class='ocrx_word' id='word_1_157' title='bbox 2297 1932 2507 1990; x_wconf 69' lang='lat' dir='ltr'>acuto</span> 
     </span>
     <span class='ocr_line' id='line_1_20' title="bbox 276 2002 982 2083; baseline 0.003 -19"><span class='ocrx_word' id='word_1_158' title='bbox 276 2002 380 2075; x_wconf 81' lang='grc' dir='ltr'><strong><em>τὰς</em></strong></span> <span class='ocrx_word' id='word_1_159' title='bbox 425 2002 620 2083; x_wconf 82' lang='grc' dir='ltr'><strong><em>πηγὰς</em></strong></span> <span class='ocrx_word' id='word_1_160' title='bbox 665 2026 792 2083; x_wconf 84' lang='grc' dir='ltr'><strong><em>εχει.</em></strong></span> <span class='ocrx_word' id='word_1_161' title='bbox 861 2013 982 2066; x_wconf 67' lang='lat'><strong><em>⁶4⁶5</em></strong></span> 
     </span>
    </p>

    <p class='ocr_par' dir='ltr' id='par_1_10' title="bbox 195 2083 2354 2530">
     <span class='ocr_line' id='line_1_21' title="bbox 195 2083 2354 2173; baseline 0.001 -21"><span class='ocrx_word' id='word_1_162' title='bbox 195 2111 250 2155; x_wconf 72' lang='lat'><strong><em>20</em></strong></span> <span class='ocrx_word' id='word_1_163' title='bbox 415 2095 498 2151; x_wconf 82' lang='lat'><strong><em>64</em></strong></span> <span class='ocrx_word' id='word_1_164' title='bbox 519 2112 571 2152; x_wconf 82' lang='lat' dir='ltr'><strong><em>a.</em></strong></span> <span class='ocrx_word' id='word_1_165' title='bbox 632 2088 1116 2173; x_wconf 71' lang='grc' dir='ltr'><strong><em>ὅρσοτρίαινατ</em></strong></span> <span class='ocrx_word' id='word_1_166' title='bbox 1173 2089 1204 2151; x_wconf 96' lang='lat'><em>6</em></span> <span class='ocrx_word' id='word_1_167' title='bbox 1261 2089 1369 2171; x_wconf 80' lang='grc' dir='ltr'><strong><em>μὲν</em></strong></span> <span class='ocrx_word' id='word_1_168' title='bbox 1414 2083 1525 2153; x_wconf 77' lang='grc' dir='ltr'><strong><em>οὖν</em></strong></span> <span class='ocrx_word' id='word_1_169' title='bbox 1565 2087 1891 2171; x_wconf 86' lang='grc' dir='ltr'><strong><em>Ἀπόλλων,</em></strong></span> <span class='ocrx_word' id='word_1_170' title='bbox 1938 2091 2156 2172; x_wconf 72' lang='grc' dir='ltr'><strong><em>φησὶν,</em></strong></span> <span class='ocrx_word' id='word_1_171' title='bbox 2212 2094 2354 2166; x_wconf 66' lang='lat' dir='ltr'><strong><em>elga</em></strong></span> 
     </span>
     <span class='ocr_line' id='line_1_22' title="bbox 278 2175 2296 2262; baseline 0.001 -21"><span class='ocrx_word' id='word_1_172' title='bbox 278 2178 381 2241; x_wconf 87' lang='grc' dir='ltr'><strong><em>τὸν</em></strong></span> <span class='ocrx_word' id='word_1_173' title='bbox 426 2176 670 2244; x_wconf 80' lang='grc' dir='ltr'><strong><em>Ξάνθον</em></strong></span> <span class='ocrx_word' id='word_1_174' title='bbox 724 2179 825 2241; x_wconf 81' lang='grc' dir='ltr'><strong><em>καὶ</em></strong></span> <span class='ocrx_word' id='word_1_175' title='bbox 877 2180 961 2253; x_wconf 89' lang='grc' dir='ltr'><strong><em>εἰς</em></strong></span> <span class='ocrx_word' id='word_1_176' title='bbox 1015 2179 1118 2241; x_wconf 90' lang='grc' dir='ltr'><strong><em>τὸν</em></strong></span> <span class='ocrx_word' id='word_1_177' title='bbox 1161 2175 1388 2262; x_wconf 89' lang='grc' dir='ltr'><strong><em>Ἵστρον</em></strong></span> <span class='ocrx_word' id='word_1_178' title='bbox 1442 2179 1735 2262; x_wconf 82' lang='grc' dir='ltr'><strong><em>ἠπείγετο·</em></strong></span> <span class='ocrx_word' id='word_1_179' title='bbox 1794 2177 1825 2240; x_wconf 92' lang='lat'><em>6</em></span> <span class='ocrx_word' id='word_1_180' title='bbox 1875 2179 1938 2242; x_wconf 83' lang='grc' dir='ltr'><strong><em>δὲ</em></strong></span> <span class='ocrx_word' id='word_1_181' title='bbox 1985 2183 2296 2243; x_wconf 82' lang='grc' dir='ltr'><strong><em>Ποσειδῶν</em></strong></span> 
     </span>
     <span class='ocr_line' id='line_1_23' title="bbox 277 2262 2297 2350; baseline 0.001 -20"><span class='ocrx_word' id='word_1_182' title='bbox 277 2269 363 2340; x_wconf 82' lang='grc' dir='ltr'><strong><em>εἰς</em></strong></span> <span class='ocrx_word' id='word_1_183' title='bbox 417 2262 658 2348; x_wconf 84' lang='grc' dir='ltr'><strong><em>Ἰσθμὸν</em></strong></span> <span class='ocrx_word' id='word_1_184' title='bbox 715 2267 936 2348; x_wconf 75' lang='grc' dir='ltr'><strong><em>ἤλαυνε</em></strong></span> <span class='ocrx_word' id='word_1_185' title='bbox 997 2269 1379 2350; x_wconf 82' lang='grc' dir='ltr'><strong><em>χωριζόμενος</em></strong></span> <span class='ocrx_word' id='word_1_186' title='bbox 1438 2269 1503 2330; x_wconf 81' lang='grc' dir='ltr'><strong><em>ἐκ</em></strong></span> <span class='ocrx_word' id='word_1_187' title='bbox 1555 2278 1662 2348; x_wconf 81' lang='grc' dir='ltr'><strong><em>τῆς</em></strong></span> <span class='ocrx_word' id='word_1_188' title='bbox 1718 2271 1933 2350; x_wconf 87' lang='grc' dir='ltr'><strong><em>Τροίας</em></strong></span> <span class='ocrx_word' id='word_1_189' title='bbox 1991 2269 2093 2331; x_wconf 79' lang='grc' dir='ltr'><strong><em>καὶ</em></strong></span> <span class='ocrx_word' id='word_1_190' title='bbox 2149 2269 2297 2333; x_wconf 83' lang='grc' dir='ltr'><strong><em>ἀπο-</em></strong></span> 
     </span>
     <span class='ocr_line' id='line_1_24' title="bbox 276 2355 2296 2439; baseline 0.002 -21"><span class='ocrx_word' id='word_1_191' title='bbox 276 2355 522 2437; x_wconf 85' lang='grc' dir='ltr'><strong><em>πέμπων</em></strong></span> <span class='ocrx_word' id='word_1_192' title='bbox 575 2357 679 2418; x_wconf 90' lang='grc' dir='ltr'><strong><em>τὸν</em></strong></span> <span class='ocrx_word' id='word_1_193' title='bbox 727 2357 956 2419; x_wconf 82' lang='grc' dir='ltr'><strong><em>Αἰακὸν</em></strong></span> <span class='ocrx_word' id='word_1_194' title='bbox 1017 2359 1228 2437; x_wconf 82' lang='grc' dir='ltr'><strong><em>δεῦρο,</em></strong></span> <span class='ocrx_word' id='word_1_195' title='bbox 1272 2355 1567 2419; x_wconf 87' lang='grc' dir='ltr'><strong><em>τουτέστιν</em></strong></span> <span class='ocrx_word' id='word_1_196' title='bbox 1614 2357 1697 2431; x_wconf 86' lang='grc' dir='ltr'><strong><em>είς</em></strong></span> <span class='ocrx_word' id='word_1_197' title='bbox 1742 2359 2014 2439; x_wconf 78' lang='grc' dir='ltr'><strong><em>Αἴγιναν.</em></strong></span> <span class='ocrx_word' id='word_1_198' title='bbox 2104 2365 2296 2439; x_wconf 83' lang='grc' dir='ltr'><strong><em>θηλυ-</em></strong></span> 
     </span>
     <span class='ocr_line' id='line_1_25' title="bbox 276 2440 1994 2556; baseline -0.001 -47"><span class='ocrx_word' id='word_1_199' title='bbox 276 2455 396 2520; x_wconf 84' lang='grc' dir='ltr'><strong><em>κῶς</em></strong></span> <span class='ocrx_word' id='word_1_200' title='bbox 439 2445 550 2523; x_wconf 77' lang='grc' dir='ltr'><strong><em>τὴν</em></strong></span> <span class='ocrx_word' id='word_1_201' title='bbox 590 2442 855 2527; x_wconf 85' lang='grc' dir='ltr'><strong><em>Ἰσθμὸν,</em></strong></span> <span class='ocrx_word' id='word_1_202' title='bbox 900 2445 980 2520; x_wconf 81' lang='grc' dir='ltr'><strong><em>ὣς</em></strong></span> <span class='ocrx_word' id='word_1_203' title='bbox 1025 2445 1090 2508; x_wconf 77' lang='grc' dir='ltr'><strong><em>ἓν</em></strong></span> <span class='ocrx_word' id='word_1_204' title='bbox 1135 2444 1289 2508; x_wconf 89' lang='grc' dir='ltr'><strong><em>αλλω</em></strong></span> <span class='ocrx_word' id='word_1_205' title='bbox 1337 2440 1433 2556; x_wconf 89' lang='lat' dir='ltr'><strong><em>(O.</em></strong></span> <span class='ocrx_word' id='word_1_206' title='bbox 1472 2448 1607 2524; x_wconf 87' lang='lat' dir='ltr'><strong><em>VH,</em></strong></span> <span class='ocrx_word' id='word_1_207' title='bbox 1639 2450 1764 2507; x_wconf 85' lang='lat'><strong><em>148</em></strong></span> <span class='ocrx_word' id='word_1_208' title='bbox 1800 2441 1994 2530; x_wconf 79' lang='lat' dir='ltr'><strong>vulg.)</strong></span> 
     </span>
    </p>

    <p class='ocr_par' dir='ltr' id='par_1_11' title="bbox 197 2509 2502 2708">
     <span class='ocr_line' id='line_1_26' title="bbox 197 2509 2502 2620; baseline 0.002 -24"><span class='ocrx_word' id='word_1_209' title='bbox 197 2556 250 2597; x_wconf 73' lang='lat'><strong><em>215</em></strong></span> <span class='ocrx_word' id='word_1_210' title='bbox 415 2533 1101 2617; x_wconf 68' lang='grc' dir='ltr'><strong><em>641).ὀρσοτρίαινα</em></strong></span> <span class='ocrx_word' id='word_1_211' title='bbox 1146 2530 1203 2597; x_wconf 84' lang='grc' dir='ltr'><strong><em>δ’</em></strong></span> <span class='ocrx_word' id='word_1_212' title='bbox 1243 2509 1347 2597; x_wconf 60' lang='grc' dir='ltr'><strong><em>ἐπ’</em></strong></span> <span class='ocrx_word' id='word_1_213' title='bbox 1377 2529 1631 2620; x_wconf 78' lang='grc' dir='ltr'><strong><em>Ἰσθμῷ</em></strong></span> <span class='ocrx_word' id='word_1_214' title='bbox 1677 2537 1959 2597; x_wconf 64' lang='grc' dir='ltr'><strong><em>ποντίας</em></strong></span> <span class='ocrx_word' id='word_1_215' title='bbox 2012 2536 2254 2617; x_wconf 76' lang='grc' dir='ltr'><strong><em>κλητική</em></strong></span> <span class='ocrx_word' id='word_1_216' title='bbox 2294 2555 2502 2612; x_wconf 70' lang='lat' dir='ltr'>Bouto</span> 
     </span>
     <span class='ocr_line' id='line_1_27' title="bbox 278 2598 2295 2711; baseline 0.001 -25"><span class='ocrx_word' id='word_1_217' title='bbox 278 2623 406 2686; x_wconf 76' lang='grc' dir='ltr'><strong><em>αντὶ</em></strong></span> <span class='ocrx_word' id='word_1_218' title='bbox 455 2625 716 2704; x_wconf 80' lang='grc' dir='ltr'><strong><em>εὐθείας,</em></strong></span> <span class='ocrx_word' id='word_1_219' title='bbox 762 2623 842 2697; x_wconf 82' lang='grc' dir='ltr'><strong><em>ὡς</em></strong></span> <span class='ocrx_word' id='word_1_220' title='bbox 879 2625 979 2686; x_wconf 82' lang='grc' dir='ltr'><strong><em>καὶ</em></strong></span> <span class='ocrx_word' id='word_1_221' title='bbox 1018 2618 1159 2706; x_wconf 84' lang='grc' dir='ltr'><strong><em>παρ’</em></strong></span> <span class='ocrx_word' id='word_1_222' title='bbox 1191 2621 1425 2711; x_wconf 80' lang='grc' dir='ltr'><strong><em>Ομήρω</em></strong></span> <span class='ocrx_word' id='word_1_223' title='bbox 1463 2619 1562 2708; x_wconf 90' lang='grc' dir='ltr'><strong><em>(Π</em></strong></span> <span class='ocrx_word' id='word_1_224' title='bbox 1592 2598 1731 2708; x_wconf 89' lang='lat'><strong><em>33)</em></strong></span> <span class='ocrx_word' id='word_1_225' title='bbox 1779 2625 1997 2686; x_wconf 80' lang='grc' dir='ltr'><strong><em>ἱππότα</em></strong></span> <span class='ocrx_word' id='word_1_226' title='bbox 2040 2628 2295 2705; x_wconf 82' lang='grc' dir='ltr'><strong><em>Πηλεύς.</em></strong></span> 
     </span>
    </p>

    <p class='ocr_par' dir='ltr' id='par_1_12' title="bbox 366 2687 2294 2796">
     <span class='ocr_line' id='line_1_28' title="bbox 366 2687 2294 2796; baseline 0.002 -22"><span class='ocrx_word' id='word_1_227' title='bbox 366 2734 413 2774; x_wconf 83' lang='grc' dir='ltr'><strong><em>ο.</em></strong></span> <span class='ocrx_word' id='word_1_228' title='bbox 463 2712 494 2775; x_wconf 92' lang='lat'><em>6</em></span> <span class='ocrx_word' id='word_1_229' title='bbox 540 2712 604 2774; x_wconf 83' lang='grc' dir='ltr'><strong><em>δὲ</em></strong></span> <span class='ocrx_word' id='word_1_230' title='bbox 653 2723 822 2788; x_wconf 81' lang='grc' dir='ltr'><strong><em>νοῦς·</em></strong></span> <span class='ocrx_word' id='word_1_231' title='bbox 884 2712 915 2775; x_wconf 92' lang='lat'><em>6</em></span> <span class='ocrx_word' id='word_1_232' title='bbox 963 2712 1026 2775; x_wconf 81' lang='grc' dir='ltr'><strong><em>δὲ</em></strong></span> <span class='ocrx_word' id='word_1_233' title='bbox 1083 2687 1486 2795; x_wconf 83' lang='grc' dir='ltr'><strong><em>ὀρσοτριαίνης</em></strong></span> <span class='ocrx_word' id='word_1_234' title='bbox 1541 2714 1850 2775; x_wconf 86' lang='grc' dir='ltr'><strong><em>Ποσειδῶν</em></strong></span> <span class='ocrx_word' id='word_1_235' title='bbox 1904 2712 2000 2775; x_wconf 81' lang='grc' dir='ltr'><strong><em>ἐπὶ</em></strong></span> <span class='ocrx_word' id='word_1_236' title='bbox 2047 2708 2294 2796; x_wconf 82' lang='grc' dir='ltr'><strong><em>Ἰσθμοῦ</em></strong></span> 
     </span>
    </p>
   </div>
   <div class='ocr_carea' id='block_1_3' title="bbox 277 2864 704 2872">
    <p class='ocr_par' dir='ltr' id='par_1_13' title="bbox 277 2864 704 2872">
     <span class='ocr_line' id='line_1_29' title="bbox 277 2864 704 2872; baseline 0 1010"><span class='ocrx_word' id='word_1_237' title='bbox 277 2864 704 2872; x_wconf 95' lang='lat' dir='ltr'><strong><em> </em></strong></span> 
     </span>
    </p>
   </div>
   <div class='ocr_carea' id='block_1_4' title="bbox 279 2949 2294 3097">
    <p class='ocr_par' dir='ltr' id='par_1_14' title="bbox 279 2949 2294 3097">
     <span class='ocr_line' id='line_1_30' title="bbox 420 2949 2294 3027; baseline 0 -16"><span class='ocrx_word' id='word_1_238' title='bbox 420 2963 452 3010; x_wconf 83' lang='grc'>4</span> <span class='ocrx_word' id='word_1_239' title='bbox 491 2956 640 3027; x_wconf 82' lang='lat' dir='ltr'><strong>Greg</strong></span> <span class='ocrx_word' id='word_1_240' title='bbox 640 2974 716 3010; x_wconf 89' lang='lat' dir='ltr'><strong><em>or.</em></strong></span> <span class='ocrx_word' id='word_1_241' title='bbox 756 2955 950 3025; x_wconf 85' lang='lat' dir='ltr'><strong>Cor.p</strong></span> <span class='ocrx_word' id='word_1_242' title='bbox 1007 2949 1109 3009; x_wconf 88' lang='lat'><strong><em>481</em></strong></span> <span class='ocrx_word' id='word_1_243' title='bbox 1151 2955 1201 3010; x_wconf 87' lang='lat' dir='ltr'><strong><em>S.</em></strong></span> <span class='ocrx_word' id='word_1_244' title='bbox 1404 2962 1469 3010; x_wconf 87' lang='grc'><strong><em>25</em></strong></span> <span class='ocrx_word' id='word_1_245' title='bbox 1509 2956 1621 3010; x_wconf 84' lang='lat' dir='ltr'><strong>sch.</strong></span> <span class='ocrx_word' id='word_1_246' title='bbox 1659 2962 1711 3011; x_wconf 86' lang='grc' dir='ltr'><em>Α</em></span> <span class='ocrx_word' id='word_1_247' title='bbox 1742 2963 1859 3010; x_wconf 82' lang='grc'><strong><em>175.</em></strong></span> <span class='ocrx_word' id='word_1_248' title='bbox 1914 2955 2021 3011; x_wconf 75' lang='lat' dir='ltr'><strong><em>EG</em></strong></span> <span class='ocrx_word' id='word_1_249' title='bbox 2050 2961 2180 3025; x_wconf 85' lang='grc'><strong><em>393,</em></strong></span> <span class='ocrx_word' id='word_1_250' title='bbox 2210 2963 2294 3012; x_wconf 87' lang='grc'><strong><em>32.</em></strong></span> 
     </span>
     <span class='ocr_line' id='line_1_31' title="bbox 279 2974 2077 3097; baseline 0 -15"><span class='ocrx_word' id='word_1_251' title='bbox 279 3027 391 3082; x_wconf 80' lang='lat' dir='ltr'><strong>soh.</strong></span> <span class='ocrx_word' id='word_1_252' title='bbox 430 3029 475 3082; x_wconf 89' lang='lat' dir='ltr'>T</span> <span class='ocrx_word' id='word_1_253' title='bbox 512 3032 575 3082; x_wconf 91' lang='lat' dir='ltr'><strong><em>H</em></strong></span> <span class='ocrx_word' id='word_1_254' title='bbox 599 3032 719 3081; x_wconf 80' lang='lat'><strong><em>384.</em></strong></span> <span class='ocrx_word' id='word_1_255' title='bbox 767 2974 950 3081; x_wconf 42' lang='lat' dir='ltr'>Euat?</span> <span class='ocrx_word' id='word_1_256' title='bbox 959 3027 1023 3080; x_wconf 90' lang='lat'><strong><em>11.</em></strong></span> <span class='ocrx_word' id='word_1_257' title='bbox 1055 3032 1174 3094; x_wconf 88' lang='grc'><strong><em>686,</em></strong></span> <span class='ocrx_word' id='word_1_258' title='bbox 1205 3033 1288 3082; x_wconf 92' lang='grc'><strong><em>25.</em></strong></span> <span class='ocrx_word' id='word_1_259' title='bbox 1336 3026 1501 3096; x_wconf 78' lang='lat' dir='ltr'><strong>Greg.</strong></span> <span class='ocrx_word' id='word_1_260' title='bbox 1532 3026 1650 3081; x_wconf 85' lang='lat' dir='ltr'><strong>Cor.</strong></span> <span class='ocrx_word' id='word_1_261' title='bbox 1689 3045 1743 3097; x_wconf 90' lang='lat' dir='ltr'><strong><em>p.</em></strong></span> <span class='ocrx_word' id='word_1_262' title='bbox 1775 3033 1857 3082; x_wconf 84' lang='grc'><strong><em>96.</em></strong></span> <span class='ocrx_word' id='word_1_263' title='bbox 1899 3027 2077 3082; x_wconf 77' lang='lat'><em>6038.</em></span> 
     </span>
    </p>
   </div>
   <div class='ocr_carea' id='block_1_5' title="bbox 277 3165 703 3176">
    <p class='ocr_par' dir='ltr' id='par_1_15' title="bbox 277 3165 703 3176">
     <span class='ocr_line' id='line_1_32' title="bbox 277 3165 703 3176; baseline 0 706"><span class='ocrx_word' id='word_1_264' title='bbox 277 3165 703 3176; x_wconf 95' lang='lat' dir='ltr'><strong><em> </em></strong></span> 
     </span>
    </p>
   </div>
   <div class='ocr_carea' id='block_1_6' title="bbox 278 3254 2297 3686">
    <p class='ocr_par' dir='ltr' id='par_1_16' title="bbox 278 3254 2297 3686">
     <span class='ocr_line' id='line_1_33' title="bbox 421 3254 2297 3329; baseline -0.001 -16"><span class='ocrx_word' id='word_1_265' title='bbox 421 3266 452 3313; x_wconf 84' lang='lat'>2</span> <span class='ocrx_word' id='word_1_266' title='bbox 492 3267 684 3329; x_wconf 83' lang='grc' dir='ltr'><strong><em>σαφῶς</em></strong></span> <span class='ocrx_word' id='word_1_267' title='bbox 720 3275 827 3312; x_wconf 88' lang='lat' dir='ltr'><strong><em>om</em></strong></span> <span class='ocrx_word' id='word_1_268' title='bbox 859 3258 948 3315; x_wconf 79' lang='lat' dir='ltr'><strong><em>GD</em></strong></span> <span class='ocrx_word' id='word_1_269' title='bbox 1095 3264 1127 3312; x_wconf 86' lang='lat'>8</span> <span class='ocrx_word' id='word_1_270' title='bbox 1165 3259 1261 3312; x_wconf 83' lang='grc' dir='ltr'><strong><em>καὶ</em></strong></span> <span class='ocrx_word' id='word_1_271' title='bbox 1277 3254 1383 3327; x_wconf 76' lang='grc' dir='ltr'><strong><em>Ἄμ.</em></strong></span> <span class='ocrx_word' id='word_1_272' title='bbox 1414 3275 1521 3312; x_wconf 87' lang='lat' dir='ltr'><strong><em>om.</em></strong></span> <span class='ocrx_word' id='word_1_273' title='bbox 1555 3257 1647 3315; x_wconf 78' lang='lat' dir='ltr'><strong><em>Dss</em></strong></span> <span class='ocrx_word' id='word_1_274' title='bbox 1672 3261 1691 3328; x_wconf 90' lang='grc' dir='ltr'><strong><em>ΙΙ</em></strong></span> <span class='ocrx_word' id='word_1_275' title='bbox 1718 3258 1919 3312; x_wconf 75' lang='grc' dir='ltr'><strong><em>ἀπὸ-</em></strong></span> <span class='ocrx_word' id='word_1_276' title='bbox 1940 3263 1971 3310; x_wconf 83' lang='grc'><strong>9</strong></span> <span class='ocrx_word' id='word_1_277' title='bbox 1995 3254 2297 3327; x_wconf 76' lang='grc' dir='ltr'><strong><em>Ἀμαζόνας</em></strong></span> 
     </span>
     <span class='ocr_line' id='line_1_34' title="bbox 279 3328 2081 3400; baseline 0 -16"><span class='ocrx_word' id='word_1_278' title='bbox 279 3347 386 3384; x_wconf 90' lang='lat' dir='ltr'><strong><em>om.</em></strong></span> <span class='ocrx_word' id='word_1_279' title='bbox 419 3330 456 3386; x_wconf 80' lang='lat' dir='ltr'><strong>G</strong></span> <span class='ocrx_word' id='word_1_280' title='bbox 629 3336 696 3384; x_wconf 87' lang='lat'><strong><em>10</em></strong></span> <span class='ocrx_word' id='word_1_281' title='bbox 735 3329 851 3400; x_wconf 76' lang='grc' dir='ltr'><strong><em>ἔχοι</em></strong></span> <span class='ocrx_word' id='word_1_282' title='bbox 890 3332 926 3385; x_wconf 88' lang='grc' dir='ltr'>Ε</span> <span class='ocrx_word' id='word_1_283' title='bbox 1098 3335 1163 3383; x_wconf 89' lang='grc'><strong><em>11</em></strong></span> <span class='ocrx_word' id='word_1_284' title='bbox 1203 3329 1302 3398; x_wconf 75' lang='grc' dir='ltr'><strong><em>μὲν</em></strong></span> <span class='ocrx_word' id='word_1_285' title='bbox 1342 3330 1411 3384; x_wconf 81' lang='lat' dir='ltr'><strong><em>B:</em></strong></span> <span class='ocrx_word' id='word_1_286' title='bbox 1450 3346 1557 3383; x_wconf 89' lang='lat' dir='ltr'><strong><em>om.</em></strong></span> <span class='ocrx_word' id='word_1_287' title='bbox 1723 3335 1787 3382; x_wconf 83' lang='lat'><strong><em>13</em></strong></span> <span class='ocrx_word' id='word_1_288' title='bbox 1827 3328 2009 3399; x_wconf 82' lang='lat' dir='ltr'><strong>suppl.</strong></span> <span class='ocrx_word' id='word_1_289' title='bbox 2050 3331 2081 3384; x_wconf 88' lang='grc'><strong><em>11</em></strong></span> 
     </span>
     <span class='ocr_line' id='line_1_35' title="bbox 282 3350 2296 3471; baseline -0.001 -17"><span class='ocrx_word' id='word_1_290' title='bbox 282 3407 349 3456; x_wconf 85' lang='grc'><strong><em>14</em></strong></span> <span class='ocrx_word' id='word_1_291' title='bbox 383 3400 720 3471; x_wconf 86' lang='grc' dir='ltr'><strong><em>παρεγένετο</em></strong></span> <span class='ocrx_word' id='word_1_292' title='bbox 758 3418 864 3455; x_wconf 91' lang='lat' dir='ltr'><strong><em>om.</em></strong></span> <span class='ocrx_word' id='word_1_293' title='bbox 905 3400 942 3456; x_wconf 80' lang='lat' dir='ltr'><strong>G</strong></span> <span class='ocrx_word' id='word_1_294' title='bbox 1091 3405 1155 3455; x_wconf 90' lang='grc'><strong><em>16</em></strong></span> <span class='ocrx_word' id='word_1_295' title='bbox 1193 3350 1240 3453; x_wconf 75' lang='grc' dir='ltr'><strong><em>Ιμ.</em></strong></span> <span class='ocrx_word' id='word_1_296' title='bbox 1271 3399 1525 3470; x_wconf 78' lang='lat' dir='ltr'><strong>supplevi</strong></span> <span class='ocrx_word' id='word_1_297' title='bbox 1565 3402 1585 3469; x_wconf 87' lang='grc' dir='ltr'><strong><em>ΙΙ</em></strong></span> <span class='ocrx_word' id='word_1_298' title='bbox 1626 3400 1891 3456; x_wconf 80' lang='grc' dir='ltr'><strong><em>ἔσπενδεν</em></strong></span> <span class='ocrx_word' id='word_1_299' title='bbox 1931 3401 2097 3456; x_wconf 74' lang='grc' dir='ltr'><strong><em>ΒΒΕε</em></strong></span> <span class='ocrx_word' id='word_1_300' title='bbox 2135 3399 2296 3466; x_wconf 83' lang='grc' dir='ltr'><strong><em>ἤπει-</em></strong></span> 
     </span>
     <span class='ocr_line' id='line_1_36' title="bbox 278 3469 2201 3544; baseline -0.001 -18"><span class='ocrx_word' id='word_1_301' title='bbox 278 3490 375 3542; x_wconf 83' lang='grc' dir='ltr'><strong><em>γεν</em></strong></span> <span class='ocrx_word' id='word_1_302' title='bbox 414 3472 496 3529; x_wconf 83' lang='lat' dir='ltr'><strong><em>(lv</em></strong></span> <span class='ocrx_word' id='word_1_303' title='bbox 643 3478 708 3526; x_wconf 89' lang='lat'><strong><em>18</em></strong></span> <span class='ocrx_word' id='word_1_304' title='bbox 736 3469 847 3526; x_wconf 86' lang='grc' dir='ltr'><strong><em>’Ίστ</em></strong></span> <span class='ocrx_word' id='word_1_305' title='bbox 850 3472 973 3544; x_wconf 85' lang='grc' dir='ltr'><strong><em>ρον]</em></strong></span> <span class='ocrx_word' id='word_1_306' title='bbox 1013 3471 1070 3534; x_wconf 78' lang='grc' dir='ltr'><strong><em>ἐς</em></strong></span> <span class='ocrx_word' id='word_1_307' title='bbox 1093 3469 1239 3539; x_wconf 90' lang='grc' dir='ltr'><strong><em>Ἴστρ</em></strong></span> <span class='ocrx_word' id='word_1_308' title='bbox 1243 3491 1310 3527; x_wconf 89' lang='grc' dir='ltr'><strong><em>ον</em></strong></span> <span class='ocrx_word' id='word_1_309' title='bbox 1349 3471 1391 3528; x_wconf 81' lang='grc'><strong><em>0.</em></strong></span> <span class='ocrx_word' id='word_1_310' title='bbox 1532 3477 1600 3524; x_wconf 82' lang='grc'><strong><em>23</em></strong></span> <span class='ocrx_word' id='word_1_311' title='bbox 1638 3473 1803 3539; x_wconf 82' lang='grc' dir='ltr'><strong><em>δεῦρο</em></strong></span> <span class='ocrx_word' id='word_1_312' title='bbox 1843 3473 1901 3526; x_wconf 89' lang='grc'><strong><em>11·</em></strong></span> <span class='ocrx_word' id='word_1_313' title='bbox 1939 3470 2201 3538; x_wconf 82' lang='grc' dir='ltr'><strong><em>δευτερον</em></strong></span> 
     </span>
     <span class='ocr_line' id='line_1_37' title="bbox 280 3539 2294 3617; baseline -0.002 -20"><span class='ocrx_word' id='word_1_314' title='bbox 280 3548 348 3597; x_wconf 88' lang='grc'><strong><em>25</em></strong></span> <span class='ocrx_word' id='word_1_315' title='bbox 386 3539 446 3597; x_wconf 80' lang='grc' dir='ltr'><strong><em>δ’</em></strong></span> <span class='ocrx_word' id='word_1_316' title='bbox 478 3541 568 3597; x_wconf 80' lang='grc' dir='ltr'><strong><em>ἐπ’</em></strong></span> <span class='ocrx_word' id='word_1_317' title='bbox 590 3575 658 3584; x_wconf 89' lang='grc'>-</span> <span class='ocrx_word' id='word_1_318' title='bbox 677 3541 882 3597; x_wconf 85' lang='grc' dir='ltr'><strong><em>ποντία</em></strong></span> <span class='ocrx_word' id='word_1_319' title='bbox 919 3561 1023 3598; x_wconf 91' lang='lat' dir='ltr'><strong><em>om.</em></strong></span> <span class='ocrx_word' id='word_1_320' title='bbox 1064 3542 1106 3600; x_wconf 79' lang='lat' dir='ltr'>ss</span> <span class='ocrx_word' id='word_1_321' title='bbox 1158 3539 1366 3617; x_wconf 84' lang='grc' dir='ltr'><strong><em>ποντία</em></strong></span> <span class='ocrx_word' id='word_1_322' title='bbox 1403 3559 1508 3597; x_wconf 89' lang='lat' dir='ltr'><strong><em>om.</em></strong></span> <span class='ocrx_word' id='word_1_323' title='bbox 1550 3544 1587 3598; x_wconf 88' lang='lat' dir='ltr'>D</span> <span class='ocrx_word' id='word_1_324' title='bbox 1742 3549 1809 3596; x_wconf 89' lang='grc'><strong><em>26</em></strong></span> <span class='ocrx_word' id='word_1_325' title='bbox 1848 3542 1996 3613; x_wconf 79' lang='grc' dir='ltr'><strong><em>ἀντὶ]</em></strong></span> <span class='ocrx_word' id='word_1_326' title='bbox 2035 3540 2163 3596; x_wconf 81' lang='grc' dir='ltr'><strong><em>ἀντὶ</em></strong></span> <span class='ocrx_word' id='word_1_327' title='bbox 2196 3547 2294 3606; x_wconf 84' lang='grc' dir='ltr'><strong><em>τῆς</em></strong></span> 
     </span>
     <span class='ocr_line' id='line_1_38' title="bbox 279 3599 1919 3686; baseline -0.001 -16"><span class='ocrx_word' id='word_1_328' title='bbox 279 3617 318 3670; x_wconf 89' lang='grc' dir='ltr'><strong>Β</strong></span> <span class='ocrx_word' id='word_1_329' title='bbox 347 3616 367 3685; x_wconf 72' lang='grc' dir='ltr'><strong><em>[Ι</em></strong></span> <span class='ocrx_word' id='word_1_330' title='bbox 392 3611 532 3684; x_wconf 83' lang='grc' dir='ltr'><strong><em>παρ’</em></strong></span> <span class='ocrx_word' id='word_1_331' title='bbox 558 3611 795 3685; x_wconf 81' lang='grc' dir='ltr'><strong><em>Ομήρω]</em></strong></span> <span class='ocrx_word' id='word_1_332' title='bbox 821 3599 1060 3684; x_wconf 85' lang='grc' dir='ltr'><strong><em>Ὅμηρος</em></strong></span> <span class='ocrx_word' id='word_1_333' title='bbox 1096 3614 1138 3670; x_wconf 81' lang='lat' dir='ltr'>ss</span> <span class='ocrx_word' id='word_1_334' title='bbox 1303 3619 1369 3667; x_wconf 82' lang='lat'><strong><em>27</em></strong></span> <span class='ocrx_word' id='word_1_335' title='bbox 1411 3614 1525 3686; x_wconf 78' lang='grc' dir='ltr'><strong><em>ἐπὶ]</em></strong></span> <span class='ocrx_word' id='word_1_336' title='bbox 1565 3613 1655 3667; x_wconf 80' lang='grc' dir='ltr'><strong><em>ἐπὶ</em></strong></span> <span class='ocrx_word' id='word_1_337' title='bbox 1690 3622 1789 3668; x_wconf 85' lang='grc' dir='ltr'><strong><em>τοῦ</em></strong></span> <span class='ocrx_word' id='word_1_338' title='bbox 1830 3612 1919 3668; x_wconf 73' lang='grc' dir='ltr'><strong><em>ΕΩ</em></strong></span> 
     </span>
    </p>
   </div>
  </div>
 </body>
</html>
