2646 3882
341 255 474 319 270
1239 255 1467 310 Scholia

235 432 312 485 8⁸¹
476 425 610 483 3m.
677 415 1114 506 (κεχλαδώςτ)
1161 420 1195 483 ὁ
1230 422 1556 504 λεγόμενος.
1624 420 1655 483 ὁ
1694 421 1812 484 ὑπὸ
1850 420 2025 503 ὄχλου
2063 417 2376 507 ᾇδόμενος.

433 533 488 572 n.
537 508 577 590 ἦ
623 510 1008 590 κεκλαδὼς,
1056 510 1087 571 ὁ
1133 512 1412 573 κελάδων.

221 620 340 675 8εο
479 602 591 661 Sa.
659 598 828 662 ἀλλὰ
874 611 1009 662 νῦν
1054 599 1532 681 ἓκαταβόλωνε
1579 601 1704 662 τότε
1749 598 1856 680 μὲν
1905 591 2019 662 οὖν
2062 598 2165 661 καὶ
2210 600 2372 681 παρὰ

339 689 442 751 τὸν
487 688 695 771 καιρὸν
748 698 854 769 τῆς
907 692 1081 768 νίκης
1134 689 1331 751 ἐκεῖνα
1374 688 1584 771 ἐλέχθη
1644 688 1709 751 ἐν
1750 683 2061 773 Ὀλυμπίᾳ·
2116 688 2259 751 νυνὶ
2304 686 2373 750 δὲ

341 776 456 839 ἀπὸ
503 788 620 839 τῶν
665 777 735 838 τὰ
781 779 980 859 πόρρω
1027 779 1366 859 βαλλόντων
1410 779 1597 853 τόξων
1642 787 1964 858 μουσικῶν.
2096 778 2153 837 b.
2199 778 2264 839 τὸ
2305 777 2371 838 δὲ
2433 805 2459 845 5

339 866 478 928 ὅλον
540 867 756 948 τροπή·
828 867 976 952 τόξω
1049 865 1157 947 μὲν
1227 867 1340 948 γὰρ
1410 867 1521 947 τὴν
1584 867 1859 946 ποίησιν,
1913 864 2105 947 βέλεσι
2168 864 2233 928 δὲ
2295 866 2368 927 τὰ

336 953 594 1037 ἐγκώμια
664 956 1038 1037 παραβάλλει.
1221 977 1270 1028 Q.
1333 954 1556 1030 ἄλλως·
1629 956 1818 1040 ἓαυτω
1889 955 2365 1036 παρακελεύεται·

146 1064 308 1120 neo
343 1038 350 1125 Ι
383 1043 529 1105 ἀλλὰ
576 1068 724 1106 κατα
763 1044 864 1107 τὸν
901 1043 1185 1107 ἐνεστῶτα
1219 1045 1457 1127 χρόνον,
1502 1044 1711 1124 φησὶν,
1748 1043 1865 1105 ἀπὸ
1906 1054 2026 1106 τῶν
2065 1053 2366 1123 μουσικων

337 1134 526 1207 τόξων
570 1133 963 1214 ἐπινεμήθητι
1006 1140 1129 1208 τοῖς
1165 1134 1379 1214 ὕμνοις
1420 1134 1525 1195 τὸν
1574 1136 1691 1195 Δία
1732 1132 1833 1195 καὶ
1868 1133 1979 1211 τὴν
2018 1126 2361 1212 Ὀλᾘυμπίαν

216 1242 335 1298 Βεο
428 1224 482 1283 d.
529 1221 981 1303 ἑκαταβόλων
1038 1221 1130 1302 δὲ,
1185 1233 1304 1284 τῶν
1360 1224 1444 1296 εἰς
1496 1223 1731 1284 ἅπαντα
1774 1222 1958 1284 τόπον
2004 1221 2368 1283 διικνεῖσθαι
2399 1253 2457 1289 10

335 1313 671 1373 ποιούντων
716 1310 787 1372 τὰ
831 1312 1145 1391 ποιήματα.

279 1423 308 1463 Α
474 1404 551 1460 11
577 1421 629 1461 a.
694 1399 1088 1479 ἐπίνειμαιε
1141 1399 1272 1479 ’ἤτοι
1316 1406 1398 1485 τῷ
1443 1406 1596 1485 χορῷ
1650 1397 1691 1479 ἢ
1736 1398 1924 1485 ἑαυτῷ
1978 1399 2364 1478 παρακελεύε-

334 1510 430 1548 ται
477 1486 508 1548 ὁ
554 1489 821 1568 ποιητής.

122 1598 332 1655 Βοῠεο
473 1581 551 1637 11
574 1579 629 1637 b.
696 1578 960 1657 σεμνόν
1005 1572 1057 1638 τ’
1099 1577 1489 1657 ἐπίνειμαιε
1535 1579 1728 1658 ὕμνει,
1762 1575 1803 1656 ἢ
1841 1576 2196 1657 ὑμνηθῆναι
2229 1578 2363 1638 ποί-

333 1681 484 1742 ησον
520 1664 631 1744 τὴν
668 1668 868 1727 Πίσαν
915 1666 1024 1746 τὴν
1072 1668 1493 1747 πρωτεύουσαν
1538 1677 1657 1728 τῶν
1702 1666 1945 1727 πόλεων.
2026 1662 2069 1745 ἢ
2115 1664 2214 1726 διὰ
2260 1664 2364 1727 τὸν
2395 1695 2451 1734 15

332 1752 555 1835 ἀγῶνα,
603 1749 734 1818 οἷον
778 1755 888 1835 τὴν
933 1756 1036 1818 τὸν
1082 1754 1411 1836 ἀκρότατον
1456 1755 1558 1817 καὶ
1602 1757 1911 1817 κάλλιστον
1957 1764 2075 1815 τῶν
2112 1752 2363 1835 ἀγώνων

333 1840 600 1922 ἔχουσαν.
736 1865 782 1905 ο.
829 1843 894 1906 τὸ
952 1843 1015 1906 δὲ
1070 1844 1366 1925 ἐπίνειμαι
1417 1843 1458 1925 ἢ
1504 1844 1653 1925 πρὸς
1706 1842 1919 1905 ἑαυτὸν
1964 1840 2005 1922 ἢ
2051 1842 2201 1924 πρὸς
2256 1842 2363 1904 τὸν

187 1955 306 2011 Βεο
335 1931 529 2013 χορόν.
667 1935 721 1996 d.
767 1932 978 2008 ἄλλως·
1026 1933 1417 2015 ἐπίνειμαιε
1455 1932 1682 1996 ἔπελθε.
1763 1930 1904 2013 ἡδὲ
1940 1929 2362 2014 παρακέλευσις

123 2044 333 2101 aeneo
361 2020 402 2102 ἢ
447 2020 528 2096 ὡς
573 2023 721 2106 πρὸς
767 2023 980 2086 ἑαυτὸν
1024 2022 1133 2104 ἢ
1101 2049 1181 2098 ως
1227 2024 1376 2105 πρὸς
1412 2023 1517 2085 τὸν
1520 2023 1745 2136 ο’χορόν
1873 2043 1921 2084 e.
1970 2021 2181 2083 ἔπελθε
2226 2012 2360 2101 οὖν,

331 2129 503 2191 φησι,
548 2111 613 2174 τὸ
660 2111 1028 2194 ἀκρωτήριον
1073 2137 1177 2193 της
1197 2110 1471 2193 ’Ἠλιὸος,
1517 2112 1660 2193 ὅπερ
1706 2097 1847 2173 ποτὲ
1884 2109 1916 2171 ὁ
1953 2109 2167 2188 Πέλοψ
2204 2108 2358 2184 ἐξαί-
2390 2141 2446 2180 20

329 2223 498 2280 ρετον
545 2202 751 2282 εἴληφε
795 2202 952 2284 παρὰ
997 2226 1102 2282 της
1137 2199 1557 2282 Ἱπποδαμείας
1601 2200 1849 2280 νικήσας
1903 2199 2006 2261 τὸν
2056 2198 2360 2279 Οἰνόμαον

330 2287 523 2352 εδνον.

225 2383 302 2435 8⁸¹
466 2383 544 2439 11
568 2382 608 2439 f.
683 2374 830 2463 (ἐπί
841 2374 1139 2462 νειμαιε)
1185 2379 1418 2442 ἔπελθε.
1480 2381 1769 2459 ὕμνησον.

271 2481 301 2524 Α
467 2471 622 2529 128..
697 2468 1185 2550 ἀκρωτήριον
1229 2466 1563 2542 ’Ἀλιδοςε
1630 2467 1741 2546 τὴν
1799 2467 2000 2527 Πίσαν
2058 2463 2222 2546 λέγει.

326 2556 382 2616 b.
429 2553 470 2635 ἢ
515 2556 626 2635 τὴν
669 2556 984 2638 ἐξέχουσαν
1029 2568 1100 2644 τῇ
1146 2556 1334 2637 θέσει,
1377 2556 1418 2638 ἢ
1462 2557 1574 2635 τὴν
1616 2555 2007 2632 ἐνδοξοτάτην
2051 2553 2151 2615 καὶ
2196 2574 2357 2634 πρω-
2388 2586 2441 2625 25

326 2644 631 2705 τεύουσαν.

224 2739 301 2791 8⁸¹
465 2737 546 2794 12
566 2734 622 2792 b.
689 2726 783 2815 (Ἄ
795 2739 826 2795 λ
838 2735 906 2795 ιδ
917 2759 948 2798 ο
964 2729 1048 2818 gt)
1095 2707 1199 2815 της
1240 2731 1581 2815 Ὀλυμπίας.

474 2998 501 3046 1
523 3011 589 3062 sq
592 2994 822 3064 ‚glossa
849 2995 1127 3049 incertum
1147 3012 1220 3049 an
1243 2996 1310 3053 3²
1402 3001 1435 3049 3
1462 2996 1498 3050 l.
1522 2997 1579 3048 et
1597 2995 1640 3050 Α
1666 2997 1685 3062 ΙΙ
1713 2989 2061 3063 ἑκατηβόλων
2080 2992 2123 3047 Α
2148 2992 2170 3058 ΙΙ
2193 2990 2356 3059 παρὰ

329 3063 447 3121 Ess:
485 3083 589 3132 περ
551 3012 615 3118 ql
653 3068 693 3121 Β
821 3072 855 3120 4
892 3065 957 3121 δὲ
995 3067 1111 3123 Bu:
1160 3068 1222 3122 δὲ
1260 3067 1358 3121 καὶ
1398 3070 1433 3123 Ε
1575 3073 1606 3120 5
1645 3062 1928 3137 βαλόντων
1967 3063 2004 3117 Ε
2140 3067 2171 3115 6
2208 3059 2355 3134 τόξω

327 3133 576 3190 Gedjeke
612 3136 774 3191 Pind.
817 3153 984 3191 carm.
1026 3138 1123 3192 nel.
1163 3156 1216 3207 p.
1249 3145 1346 3194 45.
1382 3138 1548 3205 τόξον
1694 3141 1727 3189 8
1765 3134 1936 3204 φησὶν
1974 3131 2093 3187 Bu:
2132 3131 2277 3200 φημὶ
2304 3135 2351 3189 Α

327 3208 502 3275 φασὶν
535 3209 571 3263 Ε
680 3213 711 3261 9
751 3208 908 3263 ἔπινε
910 3207 1121 3280 μήθητι
1149 3212 1272 3266 AB:
1303 3205 1675 3281 ἐπινεμήθητί
1703 3223 1840 3276 φησι
1871 3206 1905 3258 Ε
1962 3201 2136 3270 φησὶν
2165 3201 2353 3258 ἐπινε-

325 3276 528 3368 μέθῃτι
568 3278 609 3336 ss
646 3281 691 3348 (-
666 3276 748 3333 --έ
787 3281 845 3332 eii
881 3283 932 3350 v)
1082 3286 1148 3335 10
1188 3281 1321 3336 ἑκατ
1321 3280 1538 3353 ηβόλων
1577 3279 1711 3337 Βαν
1738 3280 1757 3347 ΙΙ
1793 3273 2127 3331 ὃεικνύσθαι
2165 3273 2203 3328 Ε

328 3353 395 3401 14
432 3368 592 3417 υμνει
625 3366 756 3420 ego:
794 3352 990 3420 ὑμνεῖν
1032 3352 1176 3410 Βθῦ
1221 3361 1329 3408 νῦν
1356 3354 1465 3423 ὑμκν
1468 3361 1552 3408 εἴν
1584 3353 1672 3407 Ι)Ε
1843 3350 1908 3400 16
1946 3345 1983 3399 ἀ
1987 3344 2206 3416 γόνων]
2245 3346 2348 3399 ἂν·

323 3420 573 3486 θρώπων
603 3421 694 3479 00
830 3427 898 3476 18
935 3442 1036 3494 χορ
1004 3420 1131 3496 ρόν]
1168 3423 1375 3496 χρόνον
1405 3427 1445 3480 B
1472 3426 1492 3493 ΙΙ
1518 3422 1693 3484 αλλως
1729 3437 1834 3474 om.
1868 3417 1904 3471 Ε
2041 3420 2107 3468 19
2148 3414 2351 3472 ἑαυτὸν

327 3489 436 3547 αντ
475 3492 649 3546 αὐτὸν
679 3493 770 3547 ΒΕ
923 3499 988 3548 21
1013 3512 1093 3564 sq.
1135 3493 1513 3565 ἱπποδαμείας
1543 3497 1552 3563 Ι
1584 3489 1855 3558 νικήσαςΙ
1884 3485 1985 3540 τὸν
2021 3483 2353 3615 οἰνόμαονᾶΙ

326 3560 492 3616 ἕδνον
523 3565 563 3618 Β
562 3562 857 3690 ἀίωίᾶίιῖ
880 3580 1140 3619 versuum
1165 3583 1278 3620 non
1308 3565 1548 3636 expletis
1674 3568 1741 3616 22
1771 3561 1938 3616 ἕδνον
1967 3559 2009 3613 Β
2064 3555 2228 3621 ἔθνος
2256 3559 2295 3614 D

467 3638 536 3685 24
562 3628 778 3696 ’Ἄλιδος
857 3643 905 3674 ⁹⁰
