2646 3882
311 249 439 315 150
1202 246 1430 302 Scholia

307 413 473 478 σθαι’
507 413 805 496 ὑπέλαβον
862 415 1258 495 μνημονεύειν
1286 411 1453 494 Ἴδης
1505 424 1612 495 τῆς
1664 414 1728 476 έν
1775 415 1981 502 Κρήτῃ
2025 412 2068 495 ἢ
2112 423 2218 494 τῆς
2263 412 2336 477 έν

309 506 511 590 Τροία.
598 505 786 577 οὕτως
838 502 1004 566 Θέων
1048 505 1253 584 φησίν.

99 610 313 668 coeno
450 597 533 654 42
555 595 611 654 b.
670 587 929 655 Ἰδαῖόν
975 616 1042 654 τε
1089 591 1350 673 σεμνὸν
1393 591 1681 674 ἄντρονε
1725 593 1788 654 τὸ
1830 591 2127 675 Κρητικὸν
2171 591 2331 674 ὄρος,

310 683 464 745 ἔνθα
509 681 810 765 ἀνετράφη
868 680 900 743 ὅ
946 681 1099 755 Ζεὺς
1144 681 1262 743 ὑπὸ
1318 691 1437 742 τῶν
1482 681 1812 763 Κουρήτων
1861 682 2330 764 φρουρούμενος.

309 771 527 854 ἄντρον
574 769 639 833 δὲ
683 771 747 832 τὸ
794 770 1083 850 σπήλαιον
1129 769 1293 853 λέγει.
1387 769 1674 850 μέμνηται
1729 767 1792 832 δὲ
1837 780 1944 851 τῆς
1989 769 2332 853 ἀνατροφῆς
2359 793 2386 834 5

302 871 409 924 τοῦ
456 860 602 934 Διὸς
647 858 746 922 καὶ
792 857 823 920 ὁ
868 860 1240 940 Καλλίμαχος
1286 859 1351 920 έν
1395 859 1610 939 ὕμνοις
1656 854 1730 944 (Ι,
1769 863 1852 919 46
1875 853 2050 942 sqq.).

256 968 288 1011 Α
443 953 529 1011 44
548 971 600 1011 a..
668 946 899 1022 ἱκέτας
946 947 1185 1010 σέθενε
1231 953 1548 1029 παρακαλῶ
1597 966 1680 1028 σε,
1724 953 1866 1029 Ζεῦ,
1911 949 2171 1022 Λυδίαις
2216 949 2331 1029 ’ὑμ-

306 1048 432 1100 νῶν
495 1037 850 1120 εὐρυθμίαις
913 1037 1228 1117 φυλάττειν
1284 1037 1392 1116 τὴν
1445 1038 1800 1121 Καμάριναν
1862 1035 1928 1099 έν
1981 1038 2176 1111 νίκαις
2229 1036 2331 1100 καὶ

307 1126 622 1208 ἀνδρείαις.

183 1234 305 1290 uno
442 1219 525 1276 44
545 1218 599 1276 b.
666 1214 902 1289 ἱκέτας
938 1213 1152 1277 σέθεν
1188 1214 1510 1297 ἔρχομαιε
1556 1211 1595 1293 ἡ
1633 1214 2025 1289 ἀνταπόδοσις
2061 1225 2166 1295 τῆς
2204 1215 2331 1277 έπι-
2361 1240 2415 1279 10

308 1305 591 1385 κλήσεως·
630 1298 677 1366 ὦ
703 1310 846 1385 Ζεῦ,
883 1303 1074 1384 ἱκέτης
1112 1322 1221 1366 σου
1258 1303 1520 1385 ἔρχομαι·
1568 1297 1650 1365 ἵν’
1681 1291 1746 1390 ᾖ·
1793 1304 2034 1365 ἱκετεύω
2070 1322 2155 1385 σε,
2193 1309 2332 1368 Ζεῦ.

254 1412 286 1455 Α
443 1397 528 1454 44
549 1414 596 1454 ο.
661 1394 971 1466 Λυδίοις
1016 1392 1289 1455 ἀπύωνε
1334 1391 1591 1455 Λυδιστὶ
1625 1389 2035 1474 ἧρμοσμένοις.
2109 1397 2332 1455 Πτολε-

306 1488 481 1562 μαῖος
527 1481 591 1544 δὲ
638 1481 671 1544 ὅ
715 1480 991 1561 έπνθέτης
1036 1482 1177 1555 τοὺς
1223 1479 1289 1543 έν
1325 1482 1530 1566 Λυδία
1569 1481 1788 1555 αὐλούς
1826 1499 1978 1562 φησι
2010 1484 2332 1564 πρωτεύειν

305 1570 372 1633 έν
417 1581 485 1632 τ’
532 1569 722 1657 τέχνῃ.

96 1677 307 1734 coeno
442 1596 526 1720 474
548 1660 603 1720 d.
667 1660 977 1732 Λυδίοις
1031 1657 1305 1722 ἀπύωνι
1373 1657 1505 1720 ἀντὶ
1556 1669 1666 1721 τοῦ
1721 1662 1914 1741 βοῶν,
1969 1657 2149 1746 ᾄδων.
2359 1683 2412 1724 15

158 1767 277 1811 οεΗ
308 1771 357 1811 e.
402 1749 620 1828 αἰτήσω
669 1746 760 1828 σέ,
815 1766 1033 1828 φησιν,
1092 1741 1139 1808 ὦ
1178 1742 1590 1828 Ὀλυμπιόνικε
1643 1752 1882 1828 Ψαῦμι,
1935 1748 2038 1811 καὶ
2091 1746 2153 1809 σὲ
2207 1754 2330 1821 τοῖς

308 1838 509 1910 ἵπποις
566 1836 1020 1920 ἐπιτερπόμενον
1086 1834 1360 1918 εὔθυμον
1415 1836 1563 1918 ἔχειν
1616 1846 1802 1920 γῆρας
1853 1836 1954 1900 καὶ
2009 1835 2209 1919 φέρειν
2265 1854 2330 1898 σε

308 1926 406 1989 ἐπὶ
449 1926 724 2006 τελευτὴν
770 1927 920 1989 υἱῶν
961 1925 1427 2009 παρισταμένων.
2003 1948 2008 1955 ·

115 2034 278 2091 ceno
442 2020 526 2077 44
546 2020 587 2077 f.
633 2014 847 2090 ἄλλως·
876 2016 1184 2089 Λυδίοις
1222 2015 1471 2078 ἀπύων
1507 2015 1582 2078 ἕν
1618 2014 1895 2089 amnes:
1932 2018 2108 2096 βοῶν.
2147 2013 2328 2102 ᾅδων.

395 2128 451 2186 g.
498 2104 539 2185 ἢ
594 2105 683 2167 ὅτι
738 2106 807 2167 αἱ
854 2106 1159 2187 λεγόμεναι
1212 2105 1528 2188 γλωσσίδες
1581 2115 1699 2168 τῶν
1753 2105 1952 2167 αὐλῶν
2007 2105 2072 2167 έν
2126 2106 2332 2191 Λυδίᾳ
2360 2128 2413 2168 20

305 2196 593 2277 γίνονται,
638 2192 677 2275 ἢ
725 2193 814 2256 ὅτι
857 2194 996 2268 τοὺς
1031 2194 1174 2275 μετὰ
1208 2193 1481 2267 Πέλοπος
1517 2194 1805 2267 ἐλθόντας
1841 2195 2112 2275 πρώτους
2148 2194 2332 2274 αὐλη-

304 2283 409 2357 τὰς
464 2286 529 2345 οἱ
558 2281 845 2363 Ἕλληνες
899 2281 1303 2363 έμιμήσαντο.·
1365 2282 1554 2364 γλυκὺ
1609 2281 1673 2345 δὲ
1727 2283 1792 2344 τὸ
1848 2283 2088 2345 Λύδιον
2143 2282 2332 2364 μέλος.

100 2390 321 2447 coeno.
398 2376 454 2432 h.
510 2372 749 2455 ἔρχομαι
803 2365 916 2435 οὖν
970 2373 1227 2452 αἰτήσων
1282 2389 1345 2433 σε
1401 2371 1500 2433 διὰ
1552 2372 1792 2434 Λυδίου
1847 2373 2134 2458 μελῳδίας
2188 2373 2333 2435 ὥστε

312 2480 374 2523 σε
418 2463 639 2542 ταύτην
685 2461 795 2540 τὴν
840 2460 1041 2540 πόλιν,
1096 2461 1207 2540 τὴν
1253 2461 1630 2542 Καμάριναν,
1675 2466 1802 2533 ταῖς
1847 2459 2188 2541 εὐανδρίαις
2231 2460 2334 2522 καὶ

113 2566 280 2625 neno
308 2557 435 2624 ταῖς
498 2551 819 2629 εὐφημίαις
882 2548 1085 2624 αὔξειν
1148 2548 1247 2611 καὶ
1310 2548 1596 2631 ἀγάλλειν.
1749 2553 1787 2609 i.
1845 2548 2200 2629 εὐρυθμίαις
2267 2547 2330 2610 δὲ
2360 2572 2412 2613 25

306 2639 586 2718 Λυδίαις,
631 2638 887 2700 Λυδιστὶ
930 2635 1347 2719 ήρμοσμέναις.

488 2798 552 2845 21
591 2791 737 2845 Plut.
778 2792 848 2846 de
883 2809 1023 2846 mus,
1064 2796 1145 2845 15.
1203 2792 1366 2845 Paus,
1407 2795 1457 2857 9,
1487 2795 1536 2857 5,
1567 2792 1676 2861 4(?)

456 2940 483 2987 1
524 2932 558 3002 ἢ
594 2942 695 3004 τῆς
734 2936 790 2989 b:
830 2932 997 3003 ἥττης
1123 2937 1155 2986 5
1194 2931 1653 3003 ἄντρον-λέγει
1690 2948 1796 2985 om.
1821 2931 1874 2988 G
1920 2934 1938 3002 ΙΙ
1984 2930 2047 2987 δὲ
2085 2946 2190 2986 om.
2226 2934 2261 2988 Ε

314 3011 380 3060 10
417 3005 453 3059 l.
484 3023 590 3060 om.
614 3009 651 3062 D
679 3008 698 3075 ΙΙ
728 3005 955 3076 ἔρχομαι
984 3021 1091 3059 om.
1120 3021 1153 3060 ν
1246 3010 1310 3058 11
1347 3008 1453 3058 Ζεῦ
1483 3004 1622 3073 (alt.)
1677 2998 1720 3057 ὦ
1747 3006 1854 3058 Ζεῦ
1883 3019 1914 3059 ν
2007 3008 2072 3057 12
2102 3004 2336 3057 Λυδιστὶ

313 3081 371 3132 he
409 3074 642 3139 Λυδίοις
788 3082 853 3129 15
929 3084 1000 3131 οᾶ
1039 3078 1075 3133 Ε
1221 3081 1288 3129 16
1327 3073 1568 3143 αἰτήσων
1655 3090 1688 3129 ν
1715 3076 1734 3145 ΙΙ
1779 3078 2146 3144 Ψαῦμι-17
2187 3074 2334 3147 ἔχειν

313 3151 443 3217 post
480 3154 547 3202 18
584 3164 868 3217 παρισταμ
898 3167 1014 3201 νων
1055 3149 1090 3203 Ε
1235 3152 1300 3200 17
1343 3147 1585 3215 ἐπιτρεπ.
1618 3148 1655 3202 Ε
1801 3151 1867 3200 18
1904 3150 2125 3218 τελευτῇ
2165 3148 2202 3202 Ε

315 3224 381 3271 19
419 3219 595 3281 ἄλλως
630 3235 735 3272 om.
779 3221 814 3274 Ε
932 3223 1140 3273 21-22
1181 3217 1279 3271 cfr.
1317 3217 1512 3273 Thom.
1545 3223 1769 3284 193,12’
1874 3224 1940 3271 23
1980 3213 2083 3273 οὖν
2121 3218 2227 3273 Om.
2259 3219 2298 3273 Ι)

312 3290 537 3357 αἰτῆσαι
576 3291 611 3344 Ε
637 3291 657 3359 ΙΙ
683 3286 922 3381 Λυδίου]
959 3296 1057 3358 τῆς
1092 3286 1383 3359 Λυδ(ίαςῖ)
1421 3288 1459 3345 0
1495 3291 1515 3358 ΙΙ
1550 3287 1823 3363 μελῳδίας
1859 3288 2027 3346 GHss:
2066 3289 2263 3359 μέλους

316 3356 587 3431 μελῳδίας
621 3358 849 3428 γλυκέος
883 3360 1234 3431 υπάρχοντος
1272 3362 1309 3415 Ι)
1439 3365 1506 3413 24
1547 3378 1606 3416 σε
1644 3379 1750 3416 om.
1790 3362 1879 3418 OE
2004 3366 2089 3415 24.
2111 3367 2179 3415 25
2217 3368 2340 3424 ταῖς

317 3430 441 3497 εὐφ.
468 3430 566 3483 καὶ
592 3438 717 3494 ταῖς
744 3432 968 3499 εὐανδρ.
1000 3431 1082 3487 (lv
1108 3433 1128 3501 ΙΙ
1156 3427 1480 3553 εὐφημίαιιςι]
1511 3429 1814 3501 εὐθυμίαις
1845 3434 1880 3487 Ε
1935 3433 2061 3503 ew.
2092 3434 2190 3489 καὶ
2215 3442 2352 3493 ταῖς·

319 3497 619 3569 εὐθυμίαις
655 3504 694 3557 D
723 3503 742 3571 ΙΙ
769 3498 1105 3570 εὐρυθμίαις
1138 3502 1321 3555 Fabae
1359 3518 1424 3569 sy
1468 3518 1557 3572 og.
1595 3521 1649 3572 p.
1679 3508 1784 3556 405
1822 3503 1942 3573 (cfr.
1971 3505 2016 3559 Α
2054 3505 2168 3559 seh.
2199 3509 2336 3573 44·):

320 3567 622 3640 εὐθυμίαις
659 3571 850 3628 GHssv
906 3569 1208 3642 εὐφημίαις
1246 3574 1335 3628 DE
1381 3571 1477 3642 (id.
1527 3572 1596 3643 cj.
1635 3574 1807 3644 Beck)
1855 3573 2161 3650 αὐλῳδίαις
2206 3575 2273 3645 cj.
2306 3578 2338 3630 ΙΙ

458 3648 524 3696 26
562 3639 820 3714 Δυδίαις]
859 3641 1121 3697 Λυδίαισι
1160 3644 1249 3698 DE
