2646 3882
383 215 514 281 372
1282 216 1508 272 Scholia

212 401 384 457 80εο
523 388 603 444 72
625 405 679 445 a.
749 383 899 462 αὕτη
946 381 1102 444 ἐστὶν
1149 380 1187 462 ἡ
1234 393 1407 464 μῆτις
1451 381 1491 462 ἡ
1529 382 1886 466 προκειμένη
1927 393 2044 446 τῶν
2081 384 2420 467 προγόνων,

237 490 360 546 nto
386 465 461 551 ἧς
504 472 834 553 ὑπόδειγμα
879 473 1169 550 Σίσυφος.
1309 475 1366 534 b.
1413 472 1518 535 τὸν
1576 470 1684 553 μὲν
1730 474 2010 552 Σίσυφον
2064 471 2239 555 λέγω,
2297 499 2421 553 φη-

384 560 515 641 σὶν,
573 562 729 623 οὕτω
796 561 1194 623 συνετώτατον
1256 560 1323 623 ἐν
1387 568 1516 635 ταῖς
1578 561 1867 635 ἐπινοίαις
1920 568 2277 644 γεγενῆσθαι
2338 561 2423 637 ὡς

382 648 460 711 ἂν
504 650 671 714 θεόν.

324 758 356 802 Β
523 742 622 800 73.
688 739 1136 801 πυκνότατον
1190 739 1577 820 παλάμαιςε
1633 740 2030 801 συνετώτατον
2087 742 2334 820 βουλαῖς
2377 738 2422 820 ἢ
2479 763 2501 802 5

457 828 660 909 ώμαις.

172 852 455 991 neuter„
525 921 681 978 742.
756 916 874 977 καὶ
936 915 1061 978 τὰν
1122 916 1386 999 πατρὸς
1450 916 1657 979 ἀντία
1717 917 2080 995 Μήδειανε
2144 916 2243 979 καὶ
2306 917 2422 997 τὴν

388 1006 673 1085 Μήδειαν
718 1006 889 1086 ’ὑμνῶ
933 1005 1043 1085 τὴν
1088 1005 1248 1088 παρὰ
1292 1005 1540 1088 γνώμην
1584 1016 1690 1068 τοῦ
1736 1005 1957 1087 πατρὸς
2003 1006 2187 1085 αὐτῆς
2223 1031 2421 1087 γαμη-

386 1102 623 1157 θεῖσαν·
680 1093 957 1177 ἐγαμήθη
1006 1092 1068 1156 δὲ
1118 1097 1195 1180 τῷ
1234 1090 1452 1156 Ἰάσονι
1499 1095 1657 1174 σοφὴ
1705 1087 1878 1157 οὖσα·
1933 1094 2044 1173 τὴν
2089 1093 2422 1177 γενομένην

386 1185 667 1266 σώτειραν
720 1179 823 1245 καὶ
880 1183 1115 1263 βοηθὸν
1169 1190 1240 1269 τῇ
1292 1179 1503 1266 Ἀργοῖ.
1595 1182 1866 1265 ἐβούλετο
1929 1183 2040 1265 γὰρ
2099 1180 2130 1244 ὅ
2187 1184 2422 1264 Αἰήτης
2453 1208 2503 1247 10

239 1291 361 1347 Βεο
390 1271 619 1336 ἀνελεῖν
682 1273 821 1347 τοὺς
878 1268 1288 1355 Ἀργοναύτας.
1456 1274 1512 1333 b.
1581 1271 1793 1345 ἄλλως·
1856 1272 2117 1354 πατρὸς
2181 1272 2422 1335 ἀντίαι

385 1362 735 1443 ἠναντιώθη
791 1360 936 1423 κατὰ
990 1361 1093 1423 τὸν
1145 1362 1339 1443 γάμον
1391 1368 1472 1448 τῷ
1527 1360 1705 1443 πατρὶ
1756 1358 1795 1440 ή
1853 1362 2121 1440 Μήδεια·
2178 1358 2248 1423 ὃν
2302 1361 2420 1445 γὰρ

388 1450 612 1524 ἐκεῖνος
658 1451 769 1512 οὐκ
814 1448 1086 1530 ἐβούλετο
1126 1445 1381 1531 Ἰάσονα,
1426 1451 1612 1537 τούτῳ
1641 1450 1901 1531 ἐγήματο
1937 1450 2038 1511 καὶ
2075 1460 2422 1532 συναπῆρεν

179 1556 390 1612 acuto
412 1539 594 1621 αύτῷ.
744 1560 791 1601 0.
850 1540 1097 1616 ζητεῖται
1156 1537 1221 1600 δὲ
1280 1541 1342 1601 τί
1396 1540 1612 1618 δήποτε
1670 1538 1781 1617 τὴν
1827 1539 2111 1618 Μήδειαν
2154 1540 2422 1620 Κολχίδα

388 1620 576 1690 οὖσαν
629 1628 714 1701 εἰς
766 1628 907 1701 τοὺς
962 1627 1093 1709 περὶ
1140 1629 1490 1709 Κορινθίων
1543 1628 1755 1709 λόγους
1805 1629 2168 1709 προσάγεται.
2225 1646 2350 1691 '14⁸0
2447 1652 2501 1691 15

196 1734 365 1790 81)εο
482 1718 537 1777 (1.
585 1716 732 1795 φασὶ
780 1714 843 1777 δὲ
888 1717 998 1796 τὴν
1036 1717 1348 1797 Κόρινθον
1395 1723 1666 1802 πατρῷον
1703 1710 1855 1777 εἶναι
1889 1725 2082 1796 κτῆμα
2117 1718 2416 1795 Μηδείας.

387 1806 582 1891 Αἰήτῃ
626 1805 738 1887 γὰρ
784 1811 864 1890 τῷ
891 1802 1101 1867 *Ἠλίου
1146 1806 1246 1867 καὶ
1275 1800 1588 1885 Ἀντιόπης
1632 1805 1893 1887 χρησμὸν
1935 1806 2197 1886 δοθῆναι
2232 1806 2416 1869 πόλιν

388 1895 627 1969 οἰκίζειν
672 1893 737 1956 ἐν
778 1894 1029 1977 Κόλχοις
1075 1889 1179 1957 ἀπ’
1212 1895 1396 1958 αὐτοῦ
1443 1895 1553 1975 τὴν
1596 1894 1940 1975 ἐπωνυμίαν
1987 1893 2257 1976 ἔχουσαν,
2304 1895 2416 1974 τὴν

390 1982 453 2046 δὲ
507 1995 625 2045 τῶν
682 1986 1032 2064 Κορινθίων
1086 1985 1414 2066 τυραννίδα
1475 1983 2005 2065 παρακαταθέσθαι
2059 1984 2272 2072 Βούνῳ
2332 1992 2416 2068 τῷ

378 2071 633 2156 Ἑρμοῦ,
688 2072 1123 2154 ἐντειλάμενον,
1178 2075 1232 2136 εἰ
1286 2072 1394 2154 μὲν
1450 2073 1798 2152 ἐπανέλθοι,
1855 2071 2188 2135 ἀποδοῦναι
2234 2073 2417 2159 αὐτῷ,
2445 2098 2498 2137 2⁰

244 2181 363 2236 BEQ
392 2164 447 2224 εἰ
502 2160 566 2224 δὲ
626 2162 739 2242 μὴ,
799 2161 981 2236 αὐτὸν
1038 2161 1204 2244 ἔχειν.
1349 2185 1399 2224 e.
1455 2161 1564 2241 τὴν
1625 2160 1688 2223 δὲ
1742 2161 2027 2240 Μήδειαν
2082 2160 2419 2243 ἐρασθῆναι

197 2270 364 2325 aceo
392 2254 675 2330 Σισύφου
722 2251 870 2330 φησὶ
922 2252 1289 2330 Θεόπομπος.
1347 2270 1513 2325 usto
1660 2253 1701 2310 f.
1747 2249 1959 2323 ἄλλως·
2019 2249 2116 2311 διὰ
2164 2251 2224 2311 τί
2266 2255 2418 2330 Μη-

393 2341 553 2414 δείας
597 2340 1061 2419 ἐμνημόνευσενς
1109 2341 1199 2404 ὅτι
1240 2338 1279 2420 ἡ
1316 2339 1622 2421 Κόρινθος
1667 2346 1942 2425 πατρῷον
1987 2339 2171 2418 αὐτῆς
2217 2349 2418 2420 κτῆμα

530 2554 597 2602 22
636 2548 749 2602 soh.
770 2547 899 2601 Eur.
920 2547 1066 2602 Med.
1089 2553 1135 2600 9.
1176 2547 1403 2601 Tzetzes
1428 2547 1502 2600 ad
1520 2547 1649 2615 Lyc.
1675 2552 1792 2600 174.
1817 2551 1970 2601 1024.
2008 2545 2172 2600 Paus,
2196 2552 2245 2613 2,
2268 2551 2320 2612 3,
2346 2553 2416 2601 10

535 2749 562 2795 1
600 2743 637 2797 l.
668 2743 888 2796 nullum
927 2744 1039 2799 DE:
1088 2740 1249 2812 μῆτίν
1287 2743 1458 2797 τε-Βν
1505 2741 1700 2804 ἄλλως·
1750 2737 1913 2810 μῆτίν
1949 2761 2006 2796 τε
2057 2741 2280 2810 γαρύων
2321 2741 2362 2798 ss
2399 2743 2421 2866 U

390 2813 533 2881 αὐτή
572 2816 690 2869 Βῗν
729 2817 747 2883 ΙΙ
789 2815 959 2886 ἐστὶν]
996 2815 1060 2869 δὲ
1099 2816 1136 2869 D
1283 2819 1332 2866 2.
1356 2819 1387 2865 3
1425 2811 1560 2881 λέγω
1601 2812 1772 2882 φησὶν
1809 2811 1952 2866 οὕτω
1992 2815 2054 2868 E:
2095 2811 2238 2866 οὕτω
2277 2830 2398 2883 φησ

389 2884 525 2955 λέγω
558 2887 640 2940 Βν
676 2885 929 2956 λέγουσιν
958 2885 1100 2940 οὕτω
1122 2884 1163 2941 ss
1294 2890 1326 2937 7
1354 2885 1391 2939 l.
1421 2900 1527 2937 om.
1551 2886 1588 2939 D
1618 2886 1636 2954 ΙΙ
1663 2884 1760 2937 καὶ
1787 2883 1928 2954 (alt.)
1949 2901 2055 2938 om.
2081 2886 2116 2939 Ε
2228 2889 2259 2937 8
2287 2884 2419 2957 τὴν]

390 2956 466 3020 ὡς
504 2958 540 3011 Ε
676 2961 707 3010 9
745 2976 925 3027 γινομ.
965 2958 1055 3012 ΒΕ
1192 2961 1255 3009 11
1295 2953 1498 3010 ἀντίαν
1537 2956 1574 3009 Ε
1702 2961 1769 3008 12
1807 2955 2026 3026 ἠναντ.]
2065 2955 2186 3010 ἐπεὶ
2221 2956 2420 3024 ἠναντ.

394 3030 477 3083 Βν
606 3033 670 3081 13
710 3027 949 3097 ἐγήματο
990 3027 1084 3084 ΗΠ
1139 3025 1377 3096 ἐγάμητο
1419 3028 1480 3081 E:
1521 3025 1778 3095 ἐγαμήθη
1820 3028 1902 3081 BV
2039 3031 2103 3080 15
2141 3026 2423 3097 προσάγε-

389 3119 483 3153 ται
523 3098 703 3155 Esscm
741 3100 821 3169 (in
858 3101 1031 3168 -αγ-);
1067 3097 1378 3169 προάγεται
1409 3099 1504 3153 Bu
1651 3103 1718 3150 16
1756 3114 1894 3166 φησι
1923 3099 2012 3152 ΠΕ
2039 3099 2058 3167 ΙΙ
2087 3106 2348 3166 πατρῶον
2380 3099 2422 3154 ὃ

390 3170 653 3238 πατρωὸν
693 3171 753 3225 E:
791 3179 1013 3238 πρῶτον
1052 3172 1277 3225 Dv.om.
1312 3172 1351 3224 B
1379 3172 1398 3238 ΙΙ
1425 3175 1608 3238 κτῆμα
1645 3163 1792 3223 εἶναι
1822 3171 1904 3224 Bv
2051 3173 2114 3223 17
2153 3168 2260 3238 γὰρ
2303 3169 2421 3226 Ess:

392 3241 455 3295 δὲ
496 3243 586 3296 Bo
724 3246 791 3294 18
828 3243 1067 3312 Κολχοῑς
1104 3240 1248 3297 [1Εο
1273 3242 1292 3311 ΙΙ
1321 3241 1495 3294 αὐτοῦ
1535 3238 1701 3295 DEss:
1741 3240 1916 3307 αὐτῆς
1954 3241 1993 3294 Β
2129 3245 2194 3293 19
2233 3258 2424 3309 παρα-

392 3309 683 3365 καθέσθαι
724 3313 759 3367 Ε
813 3311 1173 3366 καταθέσθαι
1211 3311 1252 3368 ss
1295 3314 1314 3382 ΙΙ
1360 3311 1556 3384 Βούνῳ
1597 3313 1714 3366 Bu:
1754 3307 2020 3383 Βουνόμῳ
2062 3310 2257 3367 ΕΘΗΠ

395 3387 461 3434 20
502 3381 805 3438 ἐπανέλθοι
836 3384 951 3438 En:
992 3382 1275 3454 ἐπανέλθῃ
1307 3382 1399 3438 Dss
1446 3377 1796 3451 ἐπαναχθείη
1829 3383 1910 3436 Βν
2032 3386 2097 3435 21
2121 3398 2201 3449 sq.
2243 3382 2423 3437 schol.

392 3453 655 3506 mutilum
692 3469 811 3506 esse
850 3456 1039 3507 censet
1076 3453 1325 3523 Seeliger
1358 3453 1465 3507 lex.
1502 3453 1677 3521 myth.
1707 3452 1974 3506 Roscheri
2009 3451 2076 3518 H,
2107 3457 2246 3505 2493

396 3527 677 3590 22—3‘13,
700 3529 729 3576 7
770 3523 866 3576 cfr.
897 3523 1090 3578 Thom.
1121 3542 1175 3593 pa
1196 3529 1370 3591 401‚-1
1519 3530 1584 3578 22
1624 3523 1884 3584 ἅλλως-
1907 3528 1973 3575 23
2009 3522 2199 3591 ἐμνημ.
2239 3541 2348 3578 om.
2382 3525 2424 3582 0

536 3599 602 3646 22
643 3593 742 3649 διὰ
779 3591 832 3647 τί
874 3593 1083 3650 Essssb:
1123 3594 1220 3650 διὰ
1257 3603 1421 3649 τοῦτο
1463 3597 1545 3650 Βν
2213 3625 2218 3628 ·
