2646 3882
354 193 487 257 324
1250 190 1475 246 Scholia

292 380 323 422 Α
486 360 643 419 558..
693 354 951 420 ’Ἁλτινε
1016 356 1049 421 ὀ
1114 368 1283 430 νοῦς
1351 357 1459 436 τὴν
1523 356 1630 436 μὲν
1676 352 1874 420 ’Ἀλτιν
1919 355 2249 438 καθιέρωσε
2297 364 2378 442 τᾷ

352 453 499 531 θεῷ,
542 446 647 508 τὸν
685 444 749 507 δὲ
786 448 983 533 κύκλφ
1023 446 1209 509 τόπον
1245 446 1580 525 συμπόσιον
1616 446 1910 526 ἐποίησεν.
2045 447 2214 509 1).οἱ
2243 447 2382 526 περὶ

348 508 769 615 Ἀριστόδημον
813 535 913 597 καὶ
952 536 1259 614 Λεπτίνην
1294 536 1396 596 καὶ
1421 537 1747 597 Διονύσιον
1791 538 2128 644 γράφουσιν
2160 532 2382 597 Ἄλτιν.

350 625 431 705 μὴ
494 624 607 706 γὰρ
664 622 891 703 πρέπον
949 623 1068 685 ἐστὶ
1126 624 1235 702 τὴν
1294 622 1426 703 ἄρτι
1469 624 1938 703 πεπορθημένην
1978 613 2154 685 Ἦλιν
2209 624 2382 704 ἱερὰν

348 712 626 795 γενέσθαι
670 720 750 798 τῷ
797 714 927 774 Διί·
984 713 1083 775 καὶ
1137 713 1314 795 λόγον
1368 712 1480 793 ἔχει
1534 712 1598 775 τὸ
1655 724 1759 776 τοῦ
1806 713 1951 786 Διὸς
1998 714 2157 793 ἱερὸν
2205 714 2377 793 ἱδρύ-
2437 736 2461 775 5

350 810 495 865 σθαι
556 801 623 864 ἐν
684 774 859 887 Hlo'p.
954 802 1027 864 οὐ
1090 801 1201 883 γὰρ
1263 800 1331 863 ἐν
1375 798 1580 863 ’Ήλιδι
1637 804 1701 864 οἱ
1753 801 2054 913 ἐρχόμενοι
2112 800 2210 863 ἐπὶ
2267 800 2380 879 τὴν

350 891 687 972 πανήγυριν
744 896 1070 953 θοινῶνται
1085 936 1103 969 ,
1159 889 1303 951 ἀλλὰ
1363 889 1429 951 ἐν
1485 892 1664 999 Πίσῃ.
1756 891 1820 953 τὸ
1879 890 1992 971 γὰρ
2050 891 2117 952 ἐν
2180 892 2382 975 κύκλῳ

349 991 457 1042 τοῦ
503 982 663 1061 ἱεροῦ
709 985 1074 1061 καταγωγαῖς
1120 980 1434 1058 διείληπτο.
1527 975 1828 1065 διοόκισται
1876 978 1938 1041 δὲ
1982 977 2021 1058 ἡ
2061 980 2225 1040 Πίσα
2275 988 2382 1058 τῆς

347 1063 667 1149 Ὀλυμπίας
700 1065 754 1149 γ’
784 1070 1074 1143 σταδίους.
1150 1067 1352 1130 ’Ἀλτιν
1389 1060 1501 1131 οὖν
1537 1067 1852 1150 γραπτέον·
1901 1069 2089 1141 οὕτως
2125 1068 2238 1148 γὰρ
2275 1068 2381 1129 τὸν

352 1157 485 1238 περὶ
526 1152 850 1237 Ὀλυμπίαν
894 1157 1079 1220 τόπον
1121 1156 1391 1220 ἐκάλουν.
2414 1181 2464 1220 ιο

145 1266 351 1323 aeneo
492 1249 571 1307 55
595 1267 641 1307 o.
700 1239 1120 1327 Ἀριστόδημος
1166 1248 1378 1327 γράφει
1426 1245 1558 1308 ἀντὶ
1603 1258 1708 1309 τοῦ
1741 1236 1906 1308 Λλιν
1941 1243 2165 1308 Ἄλτιν·
2223 1246 2381 1307 οὕτω

351 1334 462 1417 γὰρ
508 1335 607 1396 τὸν
661 1335 793 1417 περὶ
841 1330 1165 1415 Ὀλυμπίαν
1219 1336 1404 1397 τόπον
1448 1340 1790 1412 καλεῖσθαι,
1853 1337 1954 1397 καὶ
2005 1334 2109 1396 τὸν
2157 1336 2276 1395 Δία
2323 1332 2380 1409 ἕξ

166 1444 328 1502 aceo
356 1422 638 1487 ἐπιθέτου
669 1420 921 1485 'HI-nov.
962 1421 971 1503 ἰ
1012 1424 1092 1504 μὴ
1148 1448 1260 1504 γαρ
1305 1424 1481 1505 λόγον
1532 1424 1682 1505 ἔχειν
1736 1424 1845 1503 τὴν
1900 1418 2007 1485 ὑπ’
2047 1424 2232 1485 αὐτοῦ
2279 1445 2382 1484 πε-

355 1510 749 1591 πορθημένην
789 1501 964 1575 Ηλιν
1010 1513 1174 1593 ἱερὰν
1233 1512 1335 1574 καὶ
1377 1512 1656 1594 καθαρὰν
1699 1522 1959 1593 ποιησαι.
2041 1511 2186 1573 ἀλλὰ
2233 1510 2384 1591 μηδὲ

358 1601 517 1681 ἱερὸν
571 1594 722 1662 εἶναι
768 1602 913 1675 Διὸς
966 1600 1033 1663 ἐν
1080 1598 1309 1678 ”mum
1363 1596 1489 1662 ἀλλ’
1529 1600 1595 1662 ἐν
1649 1603 1830 1687 Πίσῃ.
1921 1600 2264 1688 ἀπῳκίσθαι
2320 1598 2383 1661 δὲ
2415 1625 2466 1664 15

358 1690 466 1769 τὴν
512 1690 711 1751 Πίσαν
765 1700 871 1770 τῆς
916 1684 1235 1770 Ὀλυμπίας
1289 1692 1566 1764 σταδίους
1621 1689 1696 1765 εξ.
1780 1664 2058 1769 Δίδυμός
2113 1690 2176 1751 δὲ
2235 1689 2382 1750 κατὰ

359 1780 554 1859 χώραν
613 1776 726 1839 ἐῶν
786 1779 897 1858 τὴν
954 1803 1196 1890 γραφην
1256 1780 1358 1840 τὸν
1418 1781 1729 1859 Πίνδαρον
1788 1779 1898 1858 τὴν
1957 1780 2157 1841 Πίσαν
2204 1766 2386 1839 Ἦλιν

360 1865 547 1950 λέγειν
593 1869 804 1977 φησίν·
851 1870 915 1930 οἱ
954 1868 1065 1951 γὰρ
1103 1862 1323 1930 Ἠλεῖοι
1368 1862 1477 1948 ὑφ’
1519 1867 1765 1943 ἑαυτοὺς
1809 1870 2199 1948 ποιησάμενοι
2244 1868 2386 1941 τοὺς

363 1959 689 2031 Πισαιάτας
727 1946 905 2019 Ἦλιν
958 1958 1067 2037 τὴν
1113 1960 1311 2020 Πίσαν
1360 1958 1796 2067 μετωνόμασαν.
1877 1959 1933 2020 εἰ
1976 1950 2089 2020 οὖν
2134 1981 2173 2035 η
2220 1958 2387 2018 Πίσα

361 2046 652 2156 μετέβαλε,
696 2045 827 2107 τίἋ
794 2072 872 2109 αν
918 2049 1007 2127 εἴη
1046 2046 1320 2126 ἐμποδὼν
1357 2049 1608 2127 γράφειν
1632 2036 1827 2122 Αλιν;
1874 2047 1975 2108 καὶ
2010 2047 2386 2127 Καλλίμαχος
2415 2072 2469 2110 20

363 2134 426 2198 δὲ
471 2160 578 2214 την
618 2125 792 2197 Ἦλιν
837 2136 982 2209 Διὸς
1028 2137 1218 2198 οἰκίον
1262 2131 1426 2197 εἶπεν
1473 2135 1605 2197 ἀντὶ
1645 2146 1752 2199 τοῦ
1798 2137 1998 2197 Πίσαν
2053 2129 2152 2218 (fr.
2198 2128 2384 2217 198)

154 2264 360 2320 uento
614 2233 789 2304 ³fflav
834 2241 1201 2304 άνάσσεσθαι
1246 2243 1391 2316 Διὸς
1437 2244 1628 2305 οἰκίον
1674 2242 1863 2303 ἔλλιπε
1915 2246 2125 2304 Φυλεῖ·

171 2370 333 2426 Boeo
363 2348 526 2430 ἱεραν
573 2347 635 2410 δὲ
691 2350 800 2428 τὴν
831 2338 1007 2410 Ηλιν
1052 2348 1181 2410 ἀντὶ
1237 2359 1341 2410 τοῦ
1388 2349 1604 2410 Πίσαν.
1646 2348 1654 2431 Ι
1696 2349 1796 2410 καὶ
1840 2349 1944 2411 τὸν
1999 2347 2064 2411 ἐν
2083 2345 2273 2434 Πίση
2323 2349 2388 2409 δὲ

364 2439 482 2499 Δία
521 2433 752 2500 Ἠλεῖον
798 2432 921 2500 εἷπε
959 2439 1329 2518 Καλλίμαχος
1376 2433 1475 2521 (fr.
1518 2431 1655 2520 99)·
1688 2434 1884 2511 ’Ἅλιος
1930 2436 1962 2499 ὁ
2013 2439 2180 2511 Ζεύς.
2228 2455 2325 2499 588

508 2615 538 2662 9
576 2608 739 2662 Paus.
772 2608 822 2660 V
853 2615 935 2674 10,
968 2616 995 2662 1

510 2793 541 2841 3
577 2787 885 2841 Διόνυσονε
920 2789 952 2840 h
1074 2791 1107 2838 4
1145 2787 1281 2858 ἐστὶ]
1320 2781 1470 2840 εἶναι
1507 2785 1815 2840 Schroeder
1939 2792 1971 2841 6
2010 2784 2192 2858 Πίσσῃ
2223 2789 2387 2841 etcet.

366 2861 409 2915 Α
446 2857 655 2926 ubique
812 2863 844 2911 8
883 2856 1191 2924 διήλειπτοε
1232 2861 1263 2913 h
1409 2863 1442 2910 9
1482 2854 1783 2929 σταδζίους)
1811 2860 1830 2926 ΙΙ
1856 2854 2059 2930 Ἄλτιν]
2102 2861 2158 2912 h:
2197 2857 2390 2913 αλτιον

513 2936 577 2984 11
617 2929 790 2992 ἄλλως
824 2945 1032 2998 p.raem
1074 2932 1113 2983 Β
1250 2934 1316 2982 12
1356 2928 1460 2998 γὰρ
1499 2947 1607 2984 om.
1648 2929 1689 2986 ss
1733 2932 1752 2998 ΙΙ
1796 2932 2093 2985 καλεῖσθαι
2130 2930 2320 2987 0111.ss

380 3008 445 3056 13
483 3000 590 3072 γὰρ
630 3001 829 3056 Rvet:
824 2947 933 3055 Ρδὲ
973 3001 1014 3056 ss
1140 3005 1205 3053 15
1244 3000 1611 3054 ἀποικεῖσθαι
1647 3016 1680 3056 ν
1809 3006 1872 3054 17
1913 3001 2020 3055 ἐῶν
2059 3002 2173 3056 30:
2213 3001 2322 3055 ἐὼν
2354 3001 2391 3056 Ε

370 3073 471 3129 ἰὼν
483 3021 591 3130 y(lv
635 3074 655 3141 ΙΙ
699 3073 867 3127 Πινδ.
890 3102 957 3111 -
980 3077 1045 3125 18
1085 3071 1279 3160 φησιν]
1309 3073 1382 3124 H
1420 3091 1479 3126 τε
1517 3091 1692 3133 ουτως
1726 3071 1830 3140 τὴν
1857 3075 1928 3126 H.
1967 3071 2148 3141 λέγειν
2188 3074 2224 3127 Ε
2261 3073 2391 3141 (φη-

369 3161 458 3198 σιν
496 3161 603 3198 om.
625 3146 683 3198 et
712 3143 772 3212 ss)
920 3148 983 3196 19
1022 3141 1339 3204 Πισαιάτας
1377 3145 1442 3198 B:
1481 3141 1759 3204 Πισιάτας
1794 3143 2031 3212 (G)EGss
2065 3141 2320 3205 Πισάτας
2358 3145 2389 3197 h

512 3220 579 3268 20
624 3212 681 3268 τί
721 3212 805 3282 εἴη
853 3211 927 3268 αν
967 3216 1002 3270 Ε
1041 3215 1060 3282 ΙΙ
1093 3207 1239 3267 Am
1279 3216 1346 3269 Β·
1395 3213 1461 3282 τὴ
1465 3234 1498 3267 ν
1527 3207 1688 3268 Ηλιν
1715 3209 1862 3267 Αλιν
1901 3215 2041 3270 ῧΕΟ.
2084 3217 2103 3283 ΙΙ
2149 3215 2245 3268 καὶ
2281 3231 2388 3268 om.

371 3285 462 3342 ΕΩ
570 3292 634 3339 21
672 3285 865 3353 τὴν-
883 3282 1072 3339 Πίσαν
1112 3284 1251 3341 ὓΕὓ.
1286 3277 1444 3353 (Αλιν
1475 3285 1539 3352 0.,
1578 3283 1766 3339 οἰκίαν
1806 3287 1867 3351 Ε,
1902 3285 2005 3353 τὴν
2033 3282 2222 3339 Πίσαν
2253 3285 2390 3352 Gss):

370 3357 486 3446 τὴν
499 3350 662 3411 Ἦλιν
697 3357 826 3411 ἀντὶ
858 3364 959 3411 τοῦ
997 3353 1185 3409 Πίσαν
1221 3356 1361 3419 Διὸς
1397 3353 1577 3410 οἰκίον
1615 3352 1770 3410 εἶπεν
1808 3357 1890 3410 Βν
2035 3361 2102 3409 22
2140 3350 2301 3409 Ἦλιν
2323 3387 2392 3396 -

373 3424 555 3482 οἰκίον
589 3429 721 3496 post·
762 3432 827 3480 23
866 3425 1053 3481 Πίσαν
1094 3429 1149 3494 D,
1188 3443 1294 3481 om.
1337 3427 1437 3482 ἔλλ.
1479 3430 1542 3480 Φ.
1688 3433 1754 3480 22
1795 3425 2001 3480 οἰκεῖον
2041 3426 2169 3482 θ’*ον
2195 3430 2214 3495 ΙΙ
2243 3427 2393 3482 ἔλιπε

375 3497 457 3553 (lv
482 3501 503 3568 ΙΙ
530 3501 683 3586 φιλεῖ
716 3498 843 3553 0⁸⁰v
992 3503 1060 3552 23
1089 3491 1273 3570 Ηλιν]
1302 3492 1464 3552 Ἦλιν
1501 3493 1656 3552 εἶπεν
1697 3500 1732 3552 Ε
1875 3502 1943 3550 24
1981 3491 2136 3551 εἶπεν
2168 3494 2281 3551 'HL
2321 3502 2390 3551 K.

375 3569 436 3622 δὲ
476 3569 517 3626 ss
550 3572 569 3638 ΙΙ
602 3565 770 3630 Ἄλιος
806 3568 973 3625 DEss:
1010 3565 1205 3632 Άλεῑος
1243 3571 1283 3624 Β

2607 635 2610 701 1

2609 851 2611 917 ἵ

2611 1065 2613 1133 1
