2646 3882
300 221 428 286 164
1191 217 1419 274 Scholia.

295 388 529 466 φάνους
568 385 674 460 οὓς
710 385 923 468 ἔλαβον
960 395 1161 448 πᾶσιν.
1294 389 1353 446 b.
1399 384 1600 466 ἐπειδὴ
1628 385 1729 447 καὶ
1765 384 1942 447 αὐταὶ
1977 388 2046 448 αἱ
2075 383 2316 466 ἡμίονοι

297 476 609 555 στεφάνοις
654 474 964 556 ἐβάλλοντο
1010 475 1111 536 καὶ
1153 472 1420 536 ἄνθεσιν.

242 585 274 628 Α
436 568 519 624 44
542 586 588 625 o.
661 563 787 645 χρὴ
850 565 1104 626 τοίνυν
1165 565 1424 636 πύλαςε
1495 562 1630 644 περὶ
1691 573 1810 624 τῶν
1871 561 2139 645 ἡμιόνων
2195 561 2317 645 <ὅ>

296 654 486 736 λόγος.
560 646 734 714 αὗται
767 650 878 735 γὰρ
915 651 1075 734 παρὰ
1110 651 1213 726 τὰς
1248 650 1426 728 ἄλλας
1461 648 1649 734 <τὰς>
1686 650 2115 733 ἀγωνιζομένας
2148 653 2320 732 νική-

297 759 474 803 σασαι
525 739 953 823 προκέκληνται
1014 740 1118 803 τὸν
1181 742 1394 821 ὕμνον.
1540 743 1594 801 d.
1649 740 1936 824 γράφεται
1995 741 2095 804 καὶ
2146 739 2320 823 <ἐπε-
2377 765 2400 804 5

299 828 560 910 δέξαντο,
605 829 739 893 ἀντὶ
781 828 931 910 rw>
975 829 1344 905 ἐπεδείξαντο
1389 830 1529 903 τοὺς
1574 831 1906 908 στεφάνους
1941 829 2050 904 οὓς
2084 829 2317 912 ἔλαβον.

179 939 300 995 neo
436 923 521 980 44
542 941 589 980 e.
653 920 881 992 πύλας
926 920 1169 999 ὕμνων
1213 917 1725 997 ἀναπιτνάμεντ
1771 917 2027 1000 ἐνέμεινε
2071 929 2142 1005 τῇ
2187 943 2319 1001 τρο-

296 1017 382 1094 πκῇ
427 1009 532 1070 καί
573 1023 745 1087 φησι·
794 1008 1078 1090 προσήκει
1122 1017 1239 1069 τῶν
1281 1008 1491 1088 ὕμνων
1527 1007 1630 1082 τὰς
1665 1009 1858 1082 πύλας
1893 1007 2158 1090 ἀνοίγειν
2190 1015 2321 1083 ταῖς

196 1119 271 1174 EQ
298 1094 585 1177 ἡμιόνοις.
726 1099 767 1156 f.
814 1095 1024 1170 ἄλλως·
1071 1097 1197 1178 χρὴ
1242 1097 1496 1158 τοίνυν
1541 1098 1794 1170 πύλαςε
1839 1097 2123 1179 προσήκει
2165 1103 2320 1160 καθ-

294 1187 442 1268 άπερ
507 1185 728 1265 πύλας,
802 1185 957 1247 οὕτω
1016 1186 1154 1259 τοὺς
1225 1186 1456 1265 ὕμνους
1529 1183 1904 1248 ἀναπετάσαι.
2002 1178 2069 1248 εὖ
2130 1184 2196 1248 δὲ
2248 1196 2320 1272 τῇ
2349 1209 2403 1249 10

295 1285 635 1361 παρασκευῇ
679 1275 995 1356 παρίστησι
1039 1274 1150 1353 τήν
1194 1297 1254 1335 τε
1307 1283 1414 1336 τοῦ
1469 1272 1718 1336 ἐπαίνου
1766 1275 2176 1356 μεγαλειότητα
2220 1274 2322 1336 καὶ

295 1362 404 1441 τὴν
449 1363 516 1425 ἐν
561 1369 641 1449 τῷ
686 1363 953 1425 ἐπαινεῖν
998 1361 1213 1426 ἑαυτοῦ
1261 1362 1521 1441 δύναμιν
1568 1359 1600 1423 ὅ
1645 1363 1909 1442 ποιητής.

89 1474 298 1532 Βοςοεξρ
433 1456 516 1513 46
539 1473 591 1514 a.
654 1452 835 1534 πρὸς
869 1452 1197 1513 Πιτάναν
1244 1449 1344 1512 δέε
1388 1452 1662 1513 Πιτάναν
1696 1462 1813 1514 νῦν
1850 1451 1961 1530 τὴν
1992 1449 2319 1532 ,ὁμώνυμον

296 1539 471 1602 πόλιν
517 1539 667 1622 λέγει
709 1551 781 1625 τῇ
822 1537 1054 1624 ἡρωίδι,
1099 1538 1477 1620 ἐπικειμένην
1514 1547 1640 1614 ταῖς
1678 1539 1887 1622 ὄχθαις
1922 1550 2028 1602 τοῦ
2065 1541 2320 1622 Εὐρώτα

296 1639 582 1709 ποταμοῦ.
671 1628 1006 1710 προσέθηκε
1052 1626 1116 1690 δὲ
1161 1623 1304 1712 παρ’
1346 1629 1602 1712 Εὐρώτα
1644 1628 1853 1711 πόρον,
1895 1628 2024 1691 ἐπεὶ
2067 1628 2169 1690 καὶ
2212 1637 2318 1708 τῆς
2347 1652 2399 1693 15

298 1718 578 1791 Αἰολίδος
622 1716 781 1780 ἐστὶν
826 1715 864 1796 ἡ
911 1718 1162 1796 Πιτάνη.
1254 1718 1405 1797 αὕτη
1463 1715 1527 1780 δὲ
1577 1715 1615 1796 ἡ
1665 1719 1900 1797 Πιτάνη
1944 1715 1984 1797 ἡ
2039 1728 2144 1780 τοῦ
2190 1716 2316 1778 Εὐ-

299 1806 455 1888 ρώτα
496 1806 789 1888 πρόγονός
836 1805 953 1868 ἐστι
1003 1816 1120 1867 τῶν
1160 1801 1449 1888 Ἰαμιδῶν.
1539 1807 1755 1886 ταύτης
1798 1805 1911 1889 γὰρ
1956 1805 2058 1868 καὶ
2101 1811 2318 1868 Ποσει-

300 1896 495 1971 δῶνος
529 1896 804 1978 Εὐάδνη,
840 1895 1128 1977 Εὐάδνης
1166 1893 1230 1958 δὲ
1265 1895 1368 1959 καὶ
1398 1890 1765 1969 ’Λπόλλωνος
1786 1893 1989 1976 Ἴαμος
2027 1892 2060 1957 ὁ
2098 1896 2317 1976 μάντις.

299 1994 404 2064 τῆς
464 1986 731 2065 Πιτάνης
791 1984 856 2047 δὲ
914 1984 1228 2066 ὁμώνυμος
1273 1984 1313 2065 ’ἡ
1369 1985 1554 2058 πόλις.
1644 1984 1921 2047 Εὐάδναι
1978 1983 2042 2047 δὲ
2104 1985 2322 2065 δισσαὶ,

299 2076 405 2153 μία
450 2072 558 2154 μὲν
603 2072 643 2153 ’ἡ
689 2075 1071 2148 Ποσειδῶνος
1115 2074 1217 2135 καὶ
1259 2075 1561 2156 Πιτάνης,
1615 2072 1780 2156 ἑτέρα
1826 2071 1890 2135 δὲ
1919 2070 2186 2154 Ἴφιδος,
2239 2072 2320 2154 ἣν
2349 2099 2403 2139 20

298 2162 400 2224 καὶ
436 2157 723 2246 Ἰάνειραν
767 2163 1089 2247 λεγομένην
1141 2162 1329 2242 φασὶν
1374 2162 1665 2242 Εὐάδνην
1713 2161 2063 2243 ὠνομάσθαι
2111 2163 2210 2225 διὰ
2255 2163 2320 2225 τὸ

156 2269 276 2325 3εο
303 2257 538 2332 πλῆθος
589 2263 707 2314 τῶν
759 2251 949 2317 ἕδνων
1004 2246 1090 2314 ὧν
1153 2251 1334 2314 ἔδωκε
1400 2252 1737 2325 Καπανεύς.
1871 2253 1928 2312 b.
1984 2250 2024 2331 ’ἡ
2081 2250 2146 2314 δὲ
2192 2258 2324 2315 Λα-

297 2341 520 2421 κωνικὴ
564 2343 800 2421 Πιτάνη
846 2341 1100 2424 Εὐρώτα
1143 2351 1250 2403 τοῦ
1295 2350 1565 2421 ποταμοῦ
1609 2346 2035 2423 γενεαλογεῖται
2078 2337 2250 2404 εἶναι.

135 2447 303 2504 aceo
437 2434 592 2493 460.
654 2430 831 2513 πρὸς
891 2430 1219 2504 Πιτάναν
1282 2427 1356 2491 δὲ
1419 2423 1577 2511 παρ’
1619 2429 1917 2512 Εὐρώτα
1972 2429 2226 2513 πόρονε
2293 2429 2325 2493 ὅ

294 2512 567 2599 Ἀγησίας
620 2518 775 2600 γένει
819 2516 929 2599 μὲν
984 2512 1062 2599 ἧν
1112 2514 1323 2601 Ἀρκὰς
1372 2517 1474 2579 καὶ
1511 2513 1770 2600 Ἀργεῖος
1815 2516 1895 2591 ὡς
1954 2517 2070 2580 ἀπὸ
2123 2514 2322 2596 Ἰάμου
2369 2541 2373 2545 ·

302 2608 480 2669 οὕτω·
544 2608 781 2687 Πιτάνη
834 2606 946 2689 γὰρ
1000 2606 1241 2689 γέγονεν
1296 2606 1552 2688 Εὐρώτα
1605 2612 1966 2669 Λακωνικοῦ
2021 2616 2318 2686 ποταμοῦ·

448 2766 474 2812 1
515 2760 708 2830 ἐπειδὴ
725 2792 793 2799 -
815 2755 1071 2851 'hylum-021
1091 2761 1190 2814 καὶ
1217 2758 1280 2814 αἱ
1306 2759 1398 2830 ἠμ.
1427 2759 1534 2830 γὰρ
1566 2759 1603 2816 G
1631 2762 1650 2829 ΙΙ
1678 2761 1848 2815 αὐταὶ
1878 2762 1942 2814 D:
1982 2754 2152 2813 αὗται
2180 2756 2321 2814 8Εο

445 2837 476 2883 2
512 2838 630 2894 τοῖς
664 2849 741 2886 στ.
783 2831 824 2887 0.
849 2834 868 2900 11
894 2840 1013 2895 τοῖς
1047 2830 1182 2886 άνθ.
1222 2830 1264 2887 ss
1387 2836 1418 2884 3
1459 2830 1488 2885 ὁ
1529 2830 1727 2885 addidi
1848 2837 1882 2884 4
1917 2829 2321 2899 ἀγωνιζόμεναι

303 2902 371 2956 A:
412 2901 665 2971 supplevi
702 2904 759 2957 et
794 2919 932 2956 corr.
972 2918 1041 2955 ex
1076 2904 1115 2958 V
1259 2908 1307 2956 5.
1332 2906 1363 2955 6
1403 2901 1660 2991 supplevi
1805 2906 1835 2955 ‘1
1873 2898 2063 2971 ὕμνων
2101 2917 2207 2954 om.
2249 2899 2323 2972 ΕΗ

304 2971 691 3042 άναπιτνάμεν
728 2990 833 3027 om.
874 2973 915 3030 ss
1058 2978 1090 3026 8
1127 2970 1229 3037 τὰς
1263 2992 1322 3028 π.
1359 2981 1471 3027 τῶν
1506 2992 1698 3043 υμκνων
1736 2975 1818 3028 Βν
1862 2975 1882 3043 ΙΙ
1923 2972 2045 3044 τὰς]
2083 2980 2194 3027 τῶν
2234 2973 2317 3028 Εω

413 3049 480 3098 10
516 3044 647 3107 τοὺς
685 3048 744 3099 E:
782 3046 881 3099 καὶ
914 3044 1047 3107 τοὺς
1083 3043 1125 3100 ss
1261 3050 1328 3098 11
1368 3039 1606 3099 ἐπαίνου
1647 3045 1757 3099 ΕΡε
1798 3041 2206 3113 ἐπαινουμένου
2237 3042 2322 3099 nb

414 3121 479 3169 12
520 3115 579 3170 ἐν
614 3119 691 3169 τῶ
721 3116 973 3172 ἐπαινεῖν
1011 3115 1214 3171 ἑαυτοῦ
1246 3117 1308 3171 E:
1344 3123 1444 3170 τοῦ
1483 3115 1734 3170 ἐπαινεῖν
1772 3116 1946 3170 αὐτοῦ
1985 3113 2068 3170 ub
2182 3118 2248 3167 13
2283 3112 2321 3167 1.

307 3202 410 3239 om.
445 3188 533 3241 ΒΕ
559 3188 579 3256 ΙΙ
604 3170 863 3242 Πιτάναν
899 3186 1042 3310 PR.)
1081 3202 1187 3240 om.
1219 3186 1256 3243 0
1283 3188 1303 3257 ΙΙ
1332 3184 1397 3241 δέ
1424 3187 1482 3239 et
1503 3185 1759 3241 Πιτάναν
1795 3203 1901 3240 om.
1933 3185 1974 3242 ss
2083 3190 2151 3239 14
2179 3182 2325 3255 λέγει

304 3254 468 3313 πόλιν
516 3259 552 3312 Ε
604 3259 625 3326 fl
676 3266 741 3311 τ’
787 3258 904 3328 ἡρω
930 3260 989 3311 δι
1034 3274 1140 3312 om.
1191 3257 1279 3314 GD
1335 3259 1355 3327 ΙΙ
1411 3258 1675 3326 Εὐρώτου
1724 3259 1760 3313 Ι)
1809 3256 1903 3310 hic
1939 3258 1997 3310 et
2037 3262 2101 3309 17

309 3331 376 3379 15
414 3326 605 3396 ἐπειδὴ
646 3278 779 3385 Pffb
814 3330 833 3398 ΙΙ
874 3329 971 3384 καὶ
1006 3345 1113 3383 om.
1157 3328 1301 3385 Pur.
1430 3332 1495 3381 16
1534 3327 1682 3383 ἐστὶν
1718 3327 1778 3399 ἡ]
1818 3327 1932 3382 ἐστὶ
1969 3327 2130 3391 πόλις
2167 3330 2206 3383 Ι)

310 3402 375 3451 17
408 3394 669 3467 Ἰαμίδων
708 3401 747 3454 Β
789 3395 1090 3470 Ἰαμμίδων
1131 3402 1167 3455 Ε
1290 3404 1355 3452 21
1396 3398 1628 3467 ἄνειραν
1669 3400 1704 3454 Ε
1729 3401 1751 3468 ΙΙ
1775 3398 2325 3470 λεγομένην-ὠνο-

308 3467 548 3541 μάσθαι]
587 3472 819 3524 καλοῦσι
853 3472 951 3525 καὶ
980 3472 1037 3537 Ι),
1076 3470 1203 3523 add.
1233 3469 1542 3539 ὠνομάσθη
1571 3468 1803 3539 Εὐάδνη
1832 3473 1962 3541 post
1988 3472 2293 3534 Καπανεύς
2307 3471 2330 3565 [1

310 3558 483 3609 φησιν
523 3544 559 3596 Ε
666 3546 733 3594 23
773 3536 921 3596 εἶναι
956 3558 1063 3595 om.
1092 3555 1125 3596 v
1246 3547 1315 3595 24
1353 3540 1415 3612 1.]
1445 3558 1551 3595 om.
1584 3541 1620 3597 G
1676 3540 1873 3606 ἄλλως·
1912 3544 2055 3613 πρὸς
2082 3547 2153 3598 Π.
2183 3562 2298 3612 παρ

309 3612 546 3682 Εὐρώτα
576 3611 617 3668 ss
642 3614 662 3682 ΙΙ
690 3612 752 3669 δὲ
784 3614 842 3669 E:
871 3613 968 3666 καὶ
998 3614 1081 3667 Βν
1180 3618 1247 3665 25
1275 3610 1424 3683 γένει
1452 3612 1553 3680 μὲν
1583 3629 1688 3666 om.
1722 3615 1805 3668 Βν
1908 3620 1975 3669 26
2006 3614 2135 3688 γὰρ]
2165 3616 2264 3685 μὲν
2287 3614 2328 3671 ss
