2646 3882
278 1147 308 1189 Α

342 231 468 295 136
1233 231 1458 286 Scholia

427 397 523 476 οἴη
572 391 626 458 δ’
669 396 735 459 ἐκ
779 395 1015 460 πασέων
1060 407 1309 480 γεραροῦ
1355 398 1732 479 περιφείσπο
1777 397 1998 479 πατρὸς

417 481 766 563 ’Ἰῖιρισνύλεια
816 486 1101 566 Θόαντος,
1146 483 1178 547 ὃ
1228 486 1302 564 δὴ
1347 485 1496 548 κατὰ
1540 491 1800 566 Λῆμνον
1843 484 2126 548 ἄνασσεν·

424 575 671 656 λάρνακι
716 569 773 638 δ’
818 575 881 636 έν
927 577 1096 661 κοίλῃ
1144 599 1247 655 μιν
1294 569 1516 657 ὕπερθ’
1557 573 1698 648 ἁλὸς
1742 568 1847 654 ἧκε
1891 574 2203 656 φέρεσθαι,

424 665 497 724 αἴ
531 687 597 726 κε
642 665 769 748 φύγ
812 711 827 725 .
898 663 997 726 καὶ
1044 663 1146 726 τὸν
1192 661 1299 744 μὲν
1347 663 1406 738 ές
1457 665 1708 743 Οἰνοίην
1755 662 2037 745 ἐρύσαντο

424 753 708 834 πρόσθεν,
824 753 901 834 ὰρ
946 752 1196 816 Σίκινόν
1238 775 1304 834 γε
1351 753 1716 834 μεθύστερον
1763 753 2150 832 αὐδηθεῖσαν.
2420 777 2444 816 5

334 869 460 933 πῶς
516 851 628 922 οὖν
682 857 833 942 λέγει
896 858 1078 921 αὐτὸν
1132 859 1198 922 έν
1254 860 1487 946 Λημνω
1552 861 1860 938 τεθάφθαι
1914 859 2014 922 καὶ
2068 855 2160 922 ἐπ’
2201 860 2362 946 αύτῷ

335 947 536 1030 ἀγῶνα
587 958 835 1028 ποιῆσαι
868 945 1235 1028 ’Ἰῑψιπύληνς
1292 942 1420 1010 ἀλλ’
1461 947 1642 1023 ἔξεστι
1694 949 1966 1010 πλάττειν
2018 955 2143 1022 τοῖς
2187 972 2362 1030 ποιη-

333 1045 461 1110 ταῖς
506 1036 547 1098 ἃ
590 1039 921 1118 βούλονται.

472 1129 551 1187 31
576 1147 623 1188 ο.
690 1125 1122 1206 Κλυμένοιο.
1168 1127 1537 1208 παράδειγμα
1582 1136 1688 1192 τοῦ
1734 1127 1860 1188 δεῖν
1897 1122 2008 1242 <τῇ
2045 1123 2260 1212 πείρα>
2296 1127 2361 1189 τὸ

334 1213 558 1295 ἀληθὲς
612 1214 891 1290 ἐξετάζειν
946 1214 1049 1276 τὸν
1098 1210 1376 1297 Ἐργῖνον
1429 1216 1802 1296 προσάγεται·
1863 1209 2036 1288 οὗτος
2091 1215 2202 1330 γὰρ
2246 1238 2362 1278 πα-
2393 1239 2446 1278 10

335 1303 498 1377 λαιὸς
547 1302 632 1365 ὢν
676 1305 810 1365 λίαν
856 1303 1297 1386 ἀγωνιούμενος
1343 1303 1446 1366 τὸν
1492 1303 1588 1366 ἐπὶ
1636 1304 1854 1366 Θόαντι
1899 1303 2099 1385 ἀγῶνα
2143 1298 2361 1386 ἦλθεν·

335 1393 637 1475 γελώντων
695 1391 759 1454 δὲ
812 1392 1054 1455 ἐκείνων
1109 1392 1207 1455 ἐπὶ
1254 1399 1337 1478 τῷ
1382 1388 1524 1472 παρ’
1566 1389 1801 1470 ἡλικίαν
1848 1394 2091 1455 δοκεῖν.
2171 1393 2363 1480 ,αὐτῇ

334 1492 405 1567 τῇ
461 1483 636 1566 πείρα
690 1479 879 1561 <τοῦ>
933 1479 1164 1563 ἀγῶνος
1220 1481 1398 1556 ἔδειξε
1463 1481 1711 1560 νικήσας
1775 1481 2048 1544 ἐνόπλιον
2113 1440 2362 1563 δρόμον·

337 1543 481 1631 δόστε
526 1569 627 1632 καὶ
662 1580 768 1632 τοῦ
815 1571 1092 1649 Ψαύμιος
1138 1568 1632 1650 Ῡσυμπονοῦντος
1670 1569 2069 1652 παρέλαβεν
2035 1595 2116 1644 ως
2153 1571 2363 1651 ομοιον

334 1659 398 1720 τὸ
444 1657 591 1719 κατὰ
637 1658 740 1720 τὸν
782 1653 1070 1740 Ἐργῖνον.
2391 1681 2443 1721 15

124 1766 337 1823 900Εο
476 1751 558 1809 32
580 1769 632 1808 a.
679 1748 1149 1827 Λαμνιάδωντ
1176 1747 1276 1810 καὶ
1306 1745 1338 1808 6
1360 1747 1729 1828 Καλλίμαχος
1750 1743 1850 1828 (fr.
1877 1743 2056 1832 197)·
2090 1743 2361 1830 Ἐργῖνος

336 1835 650 1915 Κλυμένου
706 1835 904 1916 ἔξοχος
960 1835 1025 1898 έν
1072 1836 1303 1922 σταδίῳ.
1441 1838 1497 1898 b.
1543 1837 1672 1916 ’ἥτις
1728 1838 1998 1917 διάπειρα
2051 1835 2153 1899 τὸν
2200 1840 2360 1899 Κλυ-

338 1923 520 2006 μένου
566 1926 753 1988 παῖδα
799 1923 1049 1988 ἀπέλυσε
1094 1935 1199 2006 τῆς
1245 1925 1478 2006 ἀτιμίας
1516 1935 1633 1988 τῶν
1669 1925 1736 1987 ἐν
1773 1926 2005 2013 Λήμνῳ
2042 1934 2360 2009 γυναικῶν.

425 2036 475 2077 ο.
529 2012 567 2094 ἡ
626 2013 688 2076 δὲ
742 2016 969 2095 ἱστορία
1022 2017 1286 2095 τοιαύτη·
1349 2009 1679 2095 Ὑψιπύλης
1735 2014 1936 2096 ἀγῶνα
1989 2014 2366 2097 ἐπιτελούσης

335 2102 649 2183 ἐπιτάφιον
700 2104 919 2166 Θόαντι
971 2111 1050 2189 τῷ
1104 2105 1281 2189 πατρὶ
1325 2106 1618 2185 Λημνίων
1673 2106 1930 2185 βασιλεῖ,
1989 2104 2363 2186 συμβέβηκεν
2394 2128 2448 2167 20

479 2329 918 2399 32d.Apost01.
944 2335 991 2396 7,
1012 2335 1080 2383 95
1112 2332 1195 2399 (=
1221 2329 1334 2383 sch.
1355 2328 1548 2382 Thom.
1579 2347 1633 2397 Ρ.
1663 2334 1780 2395 179
1804 2334 1831 2381 1
1862 2328 2014 2383 Aba
2215 2327 2368 2385 ι’νου

333 2398 596 2455 πολιαίε
639 2400 731 2455 ἐπὶ
766 2410 877 2455 τῶν
914 2399 1251 2468 προπολίων.
1319 2396 1483 2463 οὗτος
1518 2394 1588 2469 ἦν
1625 2409 1761 2463 παῖς
1787 2402 1948 2487 Κλυμ
1977 2420 2100 2468 νου,
2050 2326 2218 2463 Ἐεῖς
2253 2410 2365 2457 τῶν

328 2468 726 2561 Ἀργοναυτῶν.
810 2469 1116 2541 Ῥψιπύλης
1170 2470 1233 2526 δὲ
1287 2480 1386 2541 τῆς
1448 2474 1530 2525 θυ
1567 2470 1734 2539 ατρὸς
1794 2469 2046 2534 Θόαντος
2100 2471 2368 2561 βασιλέως

335 2540 597 2611 Λημνίων
641 2542 947 2631 ἐπιτάφιον
989 2543 1189 2633 ἀγῶνα
1235 2550 1336 2597 τοῦ
1376 2561 1524 2607 πατρ
1562 2564 1589 2605 ς
1625 2540 2073 2611 προτεθεικυίας,
2127 2547 2366 2613 Εργῖνος

335 2612 461 2677 νέος
496 2615 596 2681 μὲν
634 2610 713 2668 ὢν
750 2621 816 2683 τῇ
852 2611 1068 2687 ἡλικία,
1115 2613 1420 2681 προπόλιος
1457 2612 1546 2679 δὲ,
1593 2616 1886 2681 παρῆλθεν
1933 2614 2364 2703 ἀγωνισάμενος,
2395 2636 2451 2676 25

334 2685 432 2737 καὶ
488 2684 708 2775 ἐγελᾶτο
763 2684 873 2737 ὑπὸ
928 2693 1039 2740 τῶν
1094 2684 1436 2753 Λημνιάδων
1501 2692 1785 2753 γυναικῶν
1841 2683 1938 2738 διὰ
1992 2683 2095 2748 τὰς
2147 2684 2360 2748 πολιάς.

334 2754 596 2809 κάλλιστα
638 2750 739 2809 οὖν
776 2754 877 2809 τὸν
915 2756 986 2825 ἀγ
990 2764 1106 2810 ῶνα
1146 2756 1448 2825 διενεγκὼν
1485 2756 1583 2809 καὶ
1617 2756 1750 2818 τους
1787 2754 2106 2819 συνάθλους
2132 2754 2366 2822 νικήσας

336 2824 627 2915 Βορεάδας
670 2828 863 2915 Ζῇθον
910 2827 1008 2880 καὶ
1044 2825 1292 2893 Κάλαϊν,
1332 2826 1413 2889 εἰς
1449 2826 1762 2897 ὑπερβολὴν
1801 2826 2158 2896 ἐθαυμάσθη.
2233 2827 2365 2896 περὶ

337 2891 403 2950 οὗ
443 2896 542 2950 καὶ
580 2895 610 2949 ὃ
650 2894 941 2965 Πίνδαρος
978 2893 1123 2953 εἷπε·
1164 2896 1433 2965 διάπειρά
1469 2917 1558 2951 τοι
1596 2900 1807 2969 βροτῶν
1847 2897 2076 2967 ἔλεγχος.

478 3115 506 3163 1
547 3107 637 3199 οἵη
801 3115 831 3163 2
868 3116 1099 3179 Λῆμνον
1138 3111 1204 3166 A:
1252 3112 1431 3180 δῆμον
1469 3110 1629 3165 codd.
1668 3110 1852 3181 Apoll.
1901 3113 1920 3181 ss
1965 3110 2196 3167 ἀνάσσει

333 3185 365 3233 5
404 3179 640 3235 Σίκινόν
678 3180 762 3253 γε]
802 3180 1038 3251 σηκόνδε
1067 3183 1085 3250 ΙΙ
1114 3182 1456 3250 αύδηθεῖσαι
1603 3186 1633 3234 7
1669 3182 1928 3255 ποιῆσαι]
1966 3191 2240 3239 ποιοῦντα
2275 3184 2366 3239 Α”“Β

476 3258 507 3305 9
546 3255 638 3307 δεῖ
661 3253 729 3308 Αι
770 3268 905 3307 corr.
946 3254 1005 3306 et
1040 3252 1298 3322 supplevi
1335 3270 1405 3306 ex
1435 3255 1470 3308 V
1618 3258 1683 3306 12
1720 3258 1796 3325 τῷ
1833 3269 1966 3323 ego:
2003 3254 2066 3308 τὸ
2095 3257 2114 3325 ΙΙ
2140 3253 2246 3308 lac.
2277 3254 2368 3307 in—

335 3321 517 3376 dicavi
641 3328 706 3376 13
747 3331 847 3377 τοῢ
886 3323 1085 3377 addidi
1122 3340 1191 3377 ex
1228 3324 1267 3379 V
1379 3329 1446 3377 14
1491 3322 1749 3393 Ψάμμιος
1783 3327 1802 3394 ΙΙ
1829 3323 1892 3378 ft.
1921 3328 2368 3393 προπολιοῦντος

335 3393 452 3462 (cfr.
491 3412 544 3462 Ρ.
579 3399 699 3461 137,
722 3397 811 3464 24)
986 3400 1050 3449 16
1096 3394 1160 3467 1.]
1199 3411 1303 3448 om.
1347 3395 1436 3451 00
1494 3394 1824 3483 Λαμνιάδ..
1867 3398 1971 3467 (ep.
2012 3395 2182 3466 obse.)
2215 3398 2252 3452 Ε
2298 3404 2364 3451 Λ.

333 3473 618 3555 γυναικῶν
660 3465 741 3521 (lv
768 3468 786 3534 ΙΙ
814 3466 911 3519 καὶ
949 3465 978 3519 ὁ
1016 3463 1370 3537 Καλλίμαχος
1406 3483 1510 3520 om.
1553 3468 1590 3521 D
1619 3468 1638 3534 ss
1661 3462 1912 3556 Ὀργῖνος
1948 3438 1985 3522 Ε
2132 3473 2197 3521 17
2238 3484 2368 3523 στα-

337 3533 433 3601 δία
474 3537 509 3591 Ε
550 3539 567 3605 ΙΙ
613 3536 891 3604 διάπυρος
930 3538 965 3592 Ε
1112 3542 1177 3589 19
1216 3536 1336 3605 ἡ-
1355 3537 1583 3605 τοιαύτη
1623 3552 1727 3589 om.
1771 3538 1808 3591 D
1845 3534 1912 3606 ΙΙ
1931 3539 2249 3607 Ὑψιπύλεια
2279 3538 2368 3596 (1⁸⁶

327 3603 686 3677 Γψιπυλείας
724 3607 811 3664 (1¹²⁰
956 3612 1024 3661 20
1061 3605 1366 3677 Λημναίων
1407 3610 1442 3664 Ε
