2646 3882
320 247 402 312 12
1211 249 1438 306 Scholia.

625 446 886 515 Scholia
929 447 1001 514 in
1049 417 1636 536 Olylhpionioarum
1682 466 1945 516 carmen
1989 449 2040 517 Ι.

168 609 202 654 c
215 610 288 666 Ρο
544 593 855 674 Πινδάρου
899 592 1153 656 ἑπίνικοι
1191 587 1687 673 Ὀλυμπιονίκαις.

165 698 201 744 ο
215 698 288 756 Ρο
621 679 843 763 Ἱέρωνι
885 684 1278 764 Συρακουσίῳ
1323 681 1535 762 κέλητι.

213 806 288 850 ΑΕ
451 791 586 849 Τῶν
631 786 696 849 ἕν
741 795 864 861 τοῖς
899 787 1188 864 ἕπινίκοις
1234 795 1358 863 τοῖς
1402 789 1520 850 ὑπὸ
1559 789 1873 870 Πινδάρου
1918 787 2345 872 γεγραμμένοις

312 876 397 949 εἰς
451 877 591 950 τοὺς
641 871 1096 956 Ὀλυμπιονίκας
1151 878 1354 959 πρώτη
1411 873 1537 962 ᾠδὴ
1592 878 1855 963 ἔπῳδική
1910 878 2031 941 ἐστι
2075 880 2344 961 τριαδικὴ

311 975 648 1046 περικοπῶν
693 961 772 1027 δ’.
861 965 962 1028 καὶ
1007 965 1164 1028 ἔστιν
1209 964 1249 1045 ἡ
1295 967 1497 1048 πρώτη
1535 941 1764 1050 στροφὴ
1809 967 1911 1029 καὶ
1956 967 2346 1050 ἀντίστροφος
2404 991 2429 1030 5

310 1053 518 1116 κώλων
563 1051 643 1128 ιζ’
644 1099 665 1134 ,
708 1051 748 1133 ἡ
796 1052 858 1116 δὲ
903 1054 1131 1129 ἐπωδὸς
1173 1056 1381 1118 κώλων
1426 1051 1512 1137 ιγ’
1514 1103 1529 1116 .

445 1153 550 1223 τῆς
607 1152 869 1224 στροφῆς
926 1143 1026 1205 καὶ
1083 1143 1478 1226 ἀντιστρόφου
1536 1144 1602 1207 τὸ
1662 1139 1728 1206 α’
1786 1145 2177 1208 Γλυκῶνειον.
2280 1145 2346 1209 τὸ

311 1232 689 1294 Γλυκώνειον
716 1230 947 1312 μέτρον,
974 1232 1038 1294 τὸ
1067 1233 1167 1295 καὶ
1193 1232 1664 1313 ἀντισπαστικὸν,
1704 1233 1825 1296 ἐστι
1861 1236 2348 1315 τετρασύλλαβον,

304 1322 698 1426 συγκείμενον
743 1319 808 1383 ἐκ
852 1323 1126 1403 βραχείας
1169 1321 1270 1384 και
1307 1323 1417 1384 δύο
1455 1333 1698 1432 μακρῶν
1734 1347 1833 1384 και
1870 1324 2175 1404 βραχείας,
2212 1318 2346 1386 οἷον

304 1399 698 1492 Ἀρίσταρχος
766 1408 1100 1490 ὠνόμασται
1154 1409 1218 1472 δὲ
1273 1410 1373 1472 διὰ
1416 1410 1481 1473 τὸ
1528 1406 1660 1474 οἷον
1714 1410 2191 1492 ἀντεσπασμένον
2243 1412 2346 1474 καὶ
2376 1436 2432 1475 ιο

312 1498 497 1562 οἱονεὶ
524 1497 791 1573 ἐναντίος
819 1499 1094 1580 ὃιίαμβος
1121 1494 1292 1560 εἶναι.
1416 1500 1481 1561 τὸ
1517 1495 1585 1582 β’
1618 1501 2055 1582 Φερεκράτειον.
2188 1500 2252 1563 τὸ
2280 1498 2346 1583 γ’

312 1587 714 1666 ἰθυφαλλικὸν
759 1586 1078 1667 λελυμένου
1114 1599 1220 1650 τοῦ
1257 1583 1322 1649 α’
1358 1590 1651 1670 τροχαίου.
1796 1588 1860 1652 τὸ
1899 1585 1963 1650 δ’
2000 1588 2345 1652 ἀναπαιστι-

309 1675 420 1737 κὸν
450 1677 719 1759 δίμετρον
747 1676 1168 1757 καταληκτικὸν
1196 1678 1282 1751 εἰς
1311 1677 1629 1756 συλλαβήν.
1758 1678 1823 1740 τὸ
1852 1701 1880 1740 ε
1890 1673 2346 1759 Ἐὐριπίδειον,

311 1764 620 1846 τροχαικὸν
666 1765 940 1846 δίμετρον
984 1765 1437 1845 καταληκτικὸν,
1484 1766 1691 1845 ομοιον
1736 1773 1817 1852 τῷ
1865 1760 2112 1850 (Phoen.
2156 1763 2342 1874 239)-

309 1864 427 1916 νῦν
455 1852 521 1915 δέ
549 1878 648 1933 μοι
675 1854 787 1936 πρὸ
818 1853 1066 1935 τειχέων.
1202 1854 1266 1916 τὸ
1298 1851 1363 1920 ς’
1396 1856 1865 1961 Φερεκράτειον’”
1843 1857 2050 1936 όμοιον
2080 1863 2159 1941 τῷ
2186 1851 2267 1937 β’.
2373 1879 2427 1919 15

310 1943 376 2006 τὸ
414 1937 468 2017 ζ’
495 1944 804 2025 τροχαικὸν
841 1944 1172 2026 δίμετρον
1151 1944 1358 2055 όμοιον
1394 1951 1475 2029 τῷ
1512 1937 1586 2006 ε’.
1723 1946 1787 2008 τὸ
1815 1940 1884 2026 η’
1924 1948 2343 2029 Φερεκράτειον

309 2038 515 2095 λεῖπον
560 2039 665 2119 μιᾶ
711 2035 987 2142 συλλαβῇ.
1152 2032 1215 2095 τὸ
1252 2028 1331 2093 θ’
1376 2033 1655 2113 ἰαμβικὸν
1702 2035 1973 2116 δίμετρον
2018 2034 2347 2116 ὑπερκατά-

309 2122 616 2201 ληκτον,“’
595 2123 627 2183 ό
662 2120 820 2183 ἐστιν
851 2116 1256 2200 Ἀλκμανικόν.
1414 2122 1478 2184 τὸ
1518 2117 1566 2183 ι’
1601 2123 1875 2204 τροχαικῆ
1914 2124 2189 2205 περίοδος
2225 2122 2342 2185 ἀπὸ

311 2210 549 2291 ἰάμβου.
693 2209 757 2272 τὸ
797 2208 884 2271 ια’
929 2210 1238 2292 τροχαικὸν
1275 2211 1547 2291 δίμετρον
1585 2209 1985 2292 ἀκατάληκτον
2023 2212 2345 2286 πλεονάζον

311 2309 417 2363 τοῦ
446 2300 837 2381 Ευριπιὸείου
867 2302 1144 2407 συλλαβῇ.
1287 2298 1353 2360 τὸ
1391 2297 1481 2381 ιβ’
1508 2300 1892 2383 χοριαμβικὸν
1930 2302 2201 2382 δίμετρον
2236 2324 2342 2363 κα-
2370 2322 2425 2361 20

312 2388 675 2468 ταληκτικόν.
796 2388 859 2451 τὸ
889 2383 974 2470 ιγ’
1001 2386 1437 2469 πενθημιμερὲς
1463 2388 1675 2468 κοινὴν
1700 2391 1869 2452 λύσιν
1898 2389 2030 2470 ἕχον
2058 2390 2341 2471 ἰαμβικοῦ

309 2477 411 2538 καὶ
436 2487 764 2559 τροχαικοῢ.
871 2476 936 2539 τὸ
967 2475 1053 2537 ιδ’
1071 2476 1381 2559 τροχαικὸν
1405 2478 1677 2559 δίμετρον
1703 2478 2125 2557 καταληκτικὸν
2153 2478 2342 2558 Εὐρι-

309 2566 540 2627 πίδειον
586 2564 1007 2646 ἕφθημιμερές.
1167 2565 1232 2627 τὸ
1271 2588 1320 2626 ιε
1331 2563 1831 2629 ’ἀντισπαστικὸν
1878 2567 2147 2646 δίμετρον
2194 2565 2338 2627 ἀκα-

307 2654 595 2733 τάληκτον
623 2653 739 2716 ἀπὸ
778 2655 1070 2717 δακτύλου
1097 2663 1202 2734 τῆς
1229 2655 1510 2735 ἰαμβικῆς
1537 2654 1868 2737 ἀρξαμένης
1894 2654 2249 2734 ἕπτασήμου.

306 2742 373 2804 τὸ
434 2738 524 2807 ις’
581 2744 856 2824 περίοδος
915 2742 1032 2805 ἀπὸ
1093 2744 1337 2823 ἰάμβου·
1411 2743 1511 2805 καὶ
1573 2750 1829 2807 καλεῖται
1892 2747 2159 2825 βακχεῖος
2218 2741 2337 2805 ἀπὸ
2368 2764 2422 2804 25

308 2831 598 2912 τροχαίου.
732 2830 797 2893 τὸ
844 2829 922 2905 ιζ’
969 2832 1246 2913 ἰαμβικὸν
1289 2834 1595 2915 τρίμετρον
1640 2833 2207 2915 βραχυκατάληκτον.

455 3060 482 3108 1
523 3058 596 3110 Π.
620 3052 1043 3125 Ὀλυμπιονίκαι
1079 3056 1121 3113 ss
1147 3060 1166 3127 ss
1195 3053 1463 3111 ἑπινίκιοι
1501 3058 1534 3112 F
1643 3062 1675 3109 2
1713 3054 1869 3127 κέλλη
1871 3077 1923 3111 τι
1965 3057 2051 3114 Fss
2155 3062 2186 3111 3
2226 3056 2345 3111 ἑπι-

310 3123 513 3189 νικίοις
551 3128 586 3181 Ε
759 3132 788 3180 7
846 3127 907 3181 τὸ
945 3137 1166 3195 πρῶτον
1201 3135 1299 3197 τῆς
1337 3145 1448 3195 στρ.
1487 3129 1584 3181 καὶ
1620 3130 1674 3182 ἀ.
1716 3130 1752 3183 Ε
1806 3131 1825 3199 ΙΙ
1835 3078 1975 3183 ηκαὶ
2011 3129 2199 3184 01η.Α

309 3202 340 3251 9
399 3195 704 3287 βραχζειάς)
749 3199 818 3254 A:
872 3198 1108 3270 βραχέος
1155 3198 1240 3254 Eu
1251 3202 1282 3253 h
1338 3201 1357 3267 ss
1421 3198 1724 3271 βραχ(είας>
1771 3200 1814 3255 Α
1870 3202 1977 3270 βρα
2014 3198 2105 3263 έος
2154 3201 2233 3255 ΕΙ)

309 3272 458 3321 9.10
497 3266 621 3323 οἷον
650 3266 902 3337 Ἀρίσταρ
1327 3275 1388 3322 11
1430 3268 1604 3324 οἱονεὶ
1633 3273 1699 3326 A:
1738 3267 1861 3325 οἶον
1898 3291 1971 3324 κα
2027 3273 2062 3327 Ε
2107 3272 2126 3340 ΙΙ
2181 3270 2343 3325 ἐναν-
2422 3338 2427 3343 .

306 3336 432 3393 τίον
470 3337 736 3409 διΐαμβον
766 3342 815 3394 h.
871 3272 1178 3408 Εκῐειρὲηοὺθε
1211 3338 1517 3412 χορίαμβος
1645 3347 1709 3394 12
1747 3339 2013 3412 τροχαίου
2042 3342 2111 3397 A:
2151 3337 2341 3412 στίχου

311 3410 347 3463 Ε
478 3415 658 3462 12.13
697 3411 834 3478 ἀνα(
813 3412 871 3478 (α
909 3426 978 3464 ex
1015 3426 1150 3464 corr.
1193 3411 1548 3480 Ε)παιστικὸν
1577 3412 1695 3468 ΑΕε
1736 3412 2171 3467 ἀντισπαστικὸν
2210 3413 2241 3467 h

312 3486 377 3533 14
427 3484 504 3550 τῷ
542 3481 610 3534 A:
647 3480 710 3535 τὸ
753 3483 788 3535 Ε
933 3484 998 3532 15
1039 3481 1104 3550 ἐμ
1105 3482 1160 3534 οὶ
1199 3483 1258 3549 b,
1296 3498 1403 3535 om.
1444 3480 1509 3535 δέ
1654 3488 1720 3537 18
1755 3483 2053 3553 τροχαικὸς
2091 3485 2126 3538 Ε
2181 3482 2276 3537 -ὸν
2308 3483 2339 3537 h

418 3555 486 3602 23
525 3550 926 3604 ἁντισπατικὸν
967 3553 1002 3606 Ε
1147 3558 1230 3604 25.
1272 3558 1340 3605 26
1378 3552 1442 3606 st.
1483 3553 1581 3606 καὶ
1617 3554 1909 3615 κατακλεὶς
1933 3554 1994 3643 β.
2033 3553 2179 3607 κατὰ
2213 3572 2341 3621 τρο-

307 3629 506 3689 χαῖον,
544 3620 611 3674 cl.
643 3620 1014 3674 Sbudemundi
1040 3621 1250 3675 Anecd.
1288 3640 1343 3691 p.
1376 3629 1460 3690 62,
1491 3630 1521 3676 3
1562 3623 1633 3678 al.
1781 3630 1849 3678 26
1888 3628 2148 3693 διμετρον
2189 3626 2224 3680 Ε
