2646 3882
316 230 447 296 390
929 286 940 295 ,
1212 232 1436 287 Scholia.

314 394 405 468 03'
447 392 810 477 Ὀλυμπιάδα
854 399 1111 460 στάδιον.
1176 405 1304 474 ταῖς
1344 400 1558 482 Χάρισι
1605 398 1667 460 δὲ
1713 406 2064 480 προσφωνεῖ
2091 398 2122 461 6
2166 421 2345 479 ποιη-

315 487 419 566 τὴς
464 492 591 560 ταῖς
636 486 991 567 τιμωμέναις
1044 487 1190 549 κατὰ
1237 488 1346 568 τὴν
1388 483 1754 570 Ὀρχομενόν.
1839 486 1871 548 6
1919 485 1982 549 δὲ
2030 488 2345 568 Κηφισσὸς

313 585 417 656 τῆς
456 570 811 657 Ὀρχομενοῦ
864 576 984 638 ἐστι
1028 576 1318 656 ποταμὸς,
1375 576 1529 639 ἔνθα
1583 577 1681 639 καὶ
1727 578 1796 637 αἱ
1835 577 2085 659 Χάριτες
2129 586 2344 657 τιμῶν-

120 683 282 740 ecto
312 689 421 725 ται.
569 686 614 727 ο.
671 667 908 739 ταύταις
973 663 1036 727 δὲ
1096 660 1398 739 Ἐτέοκλος
1463 665 1494 728 6
1558 671 1840 745 Κηφισοῦ
1903 676 2010 729 τοῦ
2073 676 2344 746 ποταμοῦ

308 764 539 861 πρῶτος
594 754 843 833 ἔθυσεν,
898 754 979 828 ὥς
1035 773 1223 833 φησιν
1268 752 1545 829 Ἡσίοδος
1603 750 1700 839 (fr.
1743 749 1874 837 66).
1966 755 2067 817 διὰ
2124 753 2188 816 δὲ
2231 765 2341 817 τοῦ
2403 776 2430 817 5

308 836 657 953 Ὀρχομενοῦ
703 841 735 905 6
782 842 1056 922 Κηφισὸς
1100 845 1209 924 ῥεῖ.
1303 845 1414 906 δύο
1461 843 1525 905 δὲ
1566 840 1930 926 Ὀρχομενοὶ,
1977 841 2008 905 6
2058 842 2164 923 μὲν
2211 848 2343 906 Μι-

314 932 511 1005 νύειος
558 929 591 993 6
638 930 703 993 ἐν
747 934 1032 1017 Βοιωτία,
1089 931 1121 993 6
1170 931 1232 993 δὲ
1278 935 1618 1013 πολύμηλος
1665 932 1698 994 6
1745 932 1809 995 ἐν
1849 928 2144 1018 Ἀρκαδία.
2234 942 2343 995 τοῦ

316 1018 380 1082 δὲ
426 1022 733 1083 Μινυείου
778 1031 894 1082 νῦν
940 1020 1244 1102 μέμνηται.
1320 1047 1450 1083 metr.
1481 1042 1525 1084 Β.
1565 1040 1639 1096 20

101 1128 310 1185 800εο
453 1115 563 1173 13..
628 1111 1007 1188 Καφισίων
1054 1110 1331 1173 ὑδάτων
1377 1116 1728 1191 λαχοῖσαιτ
1777 1109 1982 1189 ἐπειδὴ
2026 1109 2339 1192 χαριέντως

314 1196 505 1279 ἀπέβη
560 1209 667 1260 τοῦ
724 1198 955 1281 ἀγῶνος
1008 1200 1072 1262 τὸ
1130 1200 1500 1281 ἐπιχείρημα,
1554 1206 1908 1280 προσφωνεῖ
1951 1206 2077 1274 ταῖς
2123 1200 2341 1281 Χάρισι
2372 1221 2429 1262 10

119 1308 283 1364 Βοεο
312 1286 659 1367 τιμωνέναις
722 1288 867 1349 κατὰ
932 1287 1036 1350 τὸν
1098 1289 1423 1351 Βοιωτικὸν
1480 1284 1854 1371 Ὀρχομενόν·
1907 1282 1916 1372 Ι
1967 1284 2059 1362 αἷς
2121 1288 2344 1369 λέγεται

310 1385 539 1458 πρῶτος
580 1372 880 1449 Ἐτέοκλος
933 1377 1250 1439 τεθυκέναι
1296 1376 1328 1439 6
1374 1382 1657 1458 Κηφισοῦ
1704 1385 1860 1451 παῖς.
1953 1375 1985 1439 6
2033 1374 2095 1438 δὲ
2138 1381 2340 1455 Κηφι-

103 1484 308 1542 scuto
340 1464 443 1539 σὸς
486 1475 593 1544 τῆς
633 1461 983 1546 Ὀρχομενοῦ
1020 1467 1300 1546 ποταμός.
1446 1468 1504 1527 b.
1560 1464 1593 1527 6
1639 1464 1703 1528 δὲ
1750 1477 1922 1539 νοῦς·
1989 1460 2035 1527 ὦ
2081 1465 2343 1544 ἀοίδιμοι

309 1554 598 1634 βασίλειαι
650 1556 929 1635 Χάριτες,
984 1558 1050 1616 αἳ
1098 1556 1170 1615 τὰ
1224 1566 1330 1616 τοῦ
1387 1560 1669 1634 Κηφισοῦ
1724 1555 1913 1617 ’ὕδατα
1965 1554 2341 1637 ἐκληρώθητε

116 1664 282 1720 Boeo
312 1642 413 1703 καὶ
450 1649 764 1704 κατοικεῖτε
802 1643 910 1722 τὴν
946 1642 1177 1726 εὔγειον
1207 1639 1576 1725 Ὀρχομενὸν,
1617 1638 1625 1728 Ι
1668 1646 2062 1726 τυγχάνουσαι
2096 1643 2195 1707 καὶ
2231 1654 2339 1705 τοῦ
2371 1664 2426 1706 15

307 1740 426 1793 τῶν
472 1734 738 1793 Μινυῶν
782 1731 994 1813 γένους
1039 1732 1377 1813 ἐπίσκοποι,
1436 1732 1797 1795 ἐπακούσατέ
1849 1729 1988 1813 μου’
2013 1743 2128 1795 νῦν
2171 1732 2337 1813 εὐχο-

308 1819 506 1899 μένου.
581 1842 716 1883 insor.
746 1839 779 1895 0

115 1929 276 1987 Βαεο
447 1915 502 1971 2.
570 1910 718 1972 αἵτε
763 1912 999 1974 ναίετε
1034 1912 1480 1974 καλλίπωλον
1519 1910 1760 1994 ε’δρανε
1808 1910 2038 1974 ἱππικοὶ
2073 1910 2340 1993 λέγονται

308 2001 373 2062 οἱ
406 1993 783 2082 Ὀρχομένιοι.
870 1995 1139 2083 Ἐργῖνος
1190 2001 1299 2083 γὰρ
1355 2003 1514 2064 ι’ππω
1568 2001 1816 2079 νικησας
1867 2002 2172 2112 Θηβαίους
2226 2001 2336 2079 φό-

312 2112 423 2169 ρου
460 2089 758 2162 ὑποτελεῖς
795 2088 978 2170 ἔσχεν,
1025 2114 1188 2172 αχρις
1226 2085 1299 2151 ου
1327 2087 1624 2202 Ηρακλης
1659 2089 1877 2163 αυτοὺς
1913 2087 2336 2170 ηλευθέρωσεν.
2367 2111 2424 2151 20

97 2197 306 2254 Βοῠεο
449 2180 560 2240 53.
627 2179 1079 2260 παλαιγόνων
1143 2183 1470 2240 Μινυᾶν·
1536 2179 1598 2240 τὸ
1661 2188 1778 2240 τῶν
1842 2183 2108 2240 Μινυῶν
2170 2177 2340 2259 γένος

308 2265 553 2347 ἀρχαῖον
607 2265 723 2328 ἀπὸ
772 2272 1025 2330 Μινυοῦ
1080 2277 1185 2328 τοῦ
1238 2270 1568 2347 Θεσσαλοῦ,
1622 2269 2002 2342 Ποσειδῶνος
2055 2268 2193 2329 υἱοῦ
2239 2266 2340 2328 καὶ

449 2481 482 2527 4
522 2473 702 2528 Strab.
726 2480 776 2540 9,
795 2480 914 2528 414.
954 2473 1117 2528 Paua.
1141 2480 1190 2543 9,
1211 2480 1295 2540 35,
1319 2482 1365 2527 1.
1407 2474 1770 2529 soh.Theocr.
1795 2481 1879 2536 16,
1902 2480 2005 2528 104
2150 2480 2180 2528 6
2219 2474 2334 2528 sch.

304 2545 437 2685 {3:33
454 2550 509 2670 Βὲ
513 2552 647 2671 75411.
700 2546 816 2599 EM
846 2551 1045 2613 635,4.
1094 2546 1321 2599 Tzetzes
1361 2547 1435 2599 ad
1470 2546 1599 2615 Lyc.
1632 2551 1737 2600 874
1892 2551 1957 2600 19
1997 2545 2224 2599 Tzetzes
2263 2545 2337 2600 ad

449 2764 482 2810 4
520 2759 582 2813 δὲ
605 2759 769 2817 CEss:
766 2758 897 2899 ΙΒγὰρ
919 2762 1001 2813 Βν
1028 2761 1047 2828 ΙΙ
1074 2768 1328 2828 ποταμοῦ
1357 2757 1480 2822 υἱός
1501 2759 1556 2826 0,
1586 2777 1692 2813 om.
1713 2763 1812 2813 τοῦ
1906 2764 1953 2813 5.
1969 2765 2000 2812 6
2027 2767 2126 2828 τῆς
2146 2755 2339 2830 Ὀρχο-

307 2838 489 2898 μενῶν
529 2831 565 2884 G
832 2847 883 2898 q.
832 2829 1021 2898 q.cfr
1061 2830 1255 2884 Thom.
1295 2849 1350 2899 p.
1382 2836 1593 2896 423,12
1740 2835 1787 2883 6.
1805 2836 1834 2883 7
1871 2829 2156 2898 Μινυήιος
2195 2833 2230 2885 Ε

308 2907 338 2954 7
379 2899 408 2955 6
448 2903 572 3039 (31:³13
611 2919 716 2955 om.
712 2836 912 2970 601Ιὸ
953 2903 1122 2970 (tert.)
1160 2918 1266 2956 om.
1308 2902 1349 2958 ss
1491 2873 1526 2956 8
1561 2906 1756 2970 Μινυη
1762 2899 1929 2957 ίουΕ
2082 2906 2112 2954 9
2151 2900 2187 2956 l.
2227 2918 2337 2956 om.

307 2972 451 3028 00ss
515 2975 535 3042 (
568 2974 588 3043 )
625 2971 788 3042 λόγος
814 2972 956 3039 πρὸς
981 2972 1082 3034 τὰς
1109 2971 1358 3040 Χάριτας
1387 2972 1514 3028 add.
1549 2972 1640 3030 ΒΩ
1675 2971 1842 3028 Triol.
1872 2975 1946 3043 (p.
1978 2979 2098 3042 423,
2120 2971 2338 3045 8Ab.)ss

304 3046 561 3113 λαχοῖσαι
598 3061 704 3098 om.
747 3046 782 3098 Ε
828 3046 846 3113 ΙΙ
893 3044 1013 3098 ἐπεὶ
1053 3046 1088 3099 Ε
1235 3050 1301 3096 10
1341 3042 1638 3116 ἐγχείρημα
1677 3045 1718 3101 ss
1864 3051 1928 3100 11
1966 3043 2068 3114 τὴν
2107 3049 2338 3098 Βοιωτι-

305 3115 411 3184 κὴν
452 3118 488 3170 Ι)
602 3121 666 3169 12
707 3113 736 3169 6
764 3119 916 3184 Κηφ.
955 3124 1089 3178 παῖς
1114 3114 1419 3170 τεθυκέναι
1449 3118 1530 3171 Βν
1557 3119 1576 3186 ΙΙ
1604 3114 1634 3170 6
1664 3117 1816 3170 δὲ-
1838 3121 1903 3171 13
1941 3115 2192 3185 ποταμός
2226 3132 2334 3171 om.

309 3189 345 3241 D
495 3192 561 3240 13
597 3190 698 3240 τοῦ
732 3182 873 3256 ’.Ορχ
912 3185 1065 3240 Beck
1110 3189 1128 3257 ΙΙ
1172 3191 1429 3255 ποταμοῦ
1471 3189 1505 3241 Ε
1552 3189 1570 3256 ΙΙ
1619 3186 1649 3241 6
1689 3187 1751 3241 δὲ
1790 3208 1839 3242 ν.
1880 3186 2055 3249 ουτως
2094 3189 2176 3242 BV

309 3263 376 3311 14
414 3257 803 3327 ἐκληρώσασθε
845 3259 929 3313 Βν
1041 3263 1105 3311 15
1144 3257 1268 3328 τὴν]
1307 3258 1408 3312 τὸν
1449 3259 1532 3313 ΕΡ
1641 3264 1806 3312 15.16
1843 3258 1913 3312 τα
1949 3268 2060 3314 τῶν
2096 3262 2234 3311 Μιν.
2274 3259 2335 3325 Ι),

307 3345 411 3381 om.
453 3329 650 3398 γένους
760 3334 825 3381 19
866 3326 1015 3401 ιππῳ
1054 3345 1159 3383 om.
1194 3331 1277 3384 ΕΡ
1305 3331 1325 3398 ΙΙ
1358 3328 1548 3401 Θήβας
1587 3330 1652 3384 Β1
1763 3335 1830 3383 20
1869 3330 2074 3391 αὐτους
2112 3327 2333 3385 CssTza

307 3350 557 3470 αυτ(ὰςῗ)
598 3402 638 3455 Β
677 3416 781 3452 om.
824 3401 907 3455 ΕΡ
1052 3405 1117 3454 21
1165 3399 1200 3453 1.
1244 3403 1308 3454 Β·
1353 3405 1587 3456 Μινυᾶν
1627 3398 1922 3456 ἐπίσκοποι
1961 3401 2102 3457 ΒΕΒ
2148 3417 2254 3454 om.
2296 3400 2334 3456 Β

450 3475 517 3524 22
555 3470 785 3525 Μινύου
826 3473 861 3525 Ε
887 3473 907 3539 ΙΙ
934 3472 1073 3524 Ποσ.
1112 3471 1242 3526 υἱοῦ
1282 3473 1496 3529 ΠΕΡῦε
1535 3471 1760 3533 Μινυὸς
1786 3471 2038 3540 (Μινύας
2073 3471 2131 3541 G)
2171 3469 2234 3525 δὲ
2272 3471 2335 3525 ἐκ

308 3539 441 3607 (ἀπὸ
471 3541 530 3610 0)
567 3539 878 3610 Καλλιρόης
912 3550 1009 3610 τῆς
1041 3537 1309 3597 Ὠκεανοῦ
1349 3544 1445 3596 καὶ
1473 3545 1830 3606 Ποσειδῶνος
1861 3543 1994 3598 Βθν
2031 3543 2109 3613 (et
2136 3541 2331 3595 Thom.

306 3625 361 3675 p.
392 3615 648 3681 423‚14);
689 3612 784 3665 cfr
825 3611 938 3666 sch.
978 3618 1056 3666 50
