2646 3882
1018 232 1237 302 Olymp.
1266 233 1317 285 X
1357 237 1580 285 19-27
2180 231 2306 294 317

283 397 678 477 νενικηκέναι.
768 404 851 483 τῷ
890 392 1109 484 Ἰολάῳ,
1154 398 1342 478 φησὶν
1389 392 1532 477 οὖν,
1576 399 1744 479 χάριν
1792 397 1960 479 ἐχέτω
2009 397 2040 461 ὅ
2082 392 2312 479 Ἀγησί-

288 490 478 567 δαμος
523 488 715 569 ὥσπερ
753 482 1005 567 Ἀχιλλεῖ
1040 489 1401 569 Πάτροκλος.
1464 510 1518 549 24

427 581 507 637 21
528 578 583 636 b.
642 570 819 660 Ἰόλᾳ
864 574 1133 657 φερέτω
1176 578 1410 657 χάριντ
1457 577 1632 653 οὕτω,
1678 576 1848 655 φησὶ,
1893 582 1973 659 τῷ
2012 570 2166 660 Ἰόλᾳ
2201 577 2304 657 χά-
2336 595 2505 650 acto

286 690 385 745 ριν
440 664 611 746 ἐχέτω
666 663 698 725 ὃ
741 659 1130 746 Ἁγησίδαμος
1185 664 1217 728 ὅ
1271 667 1531 744 πύκτης,
1585 665 1777 745 ὥσπερ
1833 666 2176 746 Πάτροκλος
2229 671 2309 749 τῷ

229 776 255 817 5
280 750 544 835 Ἀχιλλεῖ.
634 760 755 827 τοῖς
800 753 911 835 γὰρ
958 754 1162 826 ὅπλοις
1206 752 1510 835 ’ἠρίστευσε
1555 760 1678 826 τοῖς
1723 752 1970 815 ἐκείνου.

427 846 528 904 22.
604 841 693 915 ὡς
753 845 1011 922 Ἀχιλεῖ
1063 844 1500 925 Πάτροκλοςε
1567 841 1600 903 ὁ
1663 841 1774 924 γὰρ
1833 837 2122 923 Ἀχιλλεὺς
2183 848 2368 915 τοῖςΑ

286 933 467 1005 ἰδίοις
498 930 702 1005 ὅπλοις
727 932 1027 1011 κοσμήσας
1045 933 1394 1013 Πάτροκλον
1421 930 1519 993 καὶ
1549 932 2018 1012 παραθαρρύνας
2046 930 2308 1010 ἔπεμψεν

288 1022 375 1093 εἰς
421 1020 527 1082 τὸν
570 1020 842 1101 πόλεμον.
909 1042 963 1082 2⁶

426 1112 511 1170 23
531 1131 583 1170 a.
648 1104 855 1186 φύντ’
888 1108 1124 1194 ἀρετᾷε
1169 1109 1273 1171 τὸν
1318 1109 1518 1187 φύντα
1563 1108 1712 1189 πρὸς
1753 1106 1967 1189 ἀρετὴν
2004 1108 2116 1169 σὺν
2154 1114 2305 1169 θεοῦ
2341 1128 2416 1172 Bc

202 1220 259 1261 ιο
287 1200 533 1283 παλάμῃ
576 1198 913 1279 παροξύνας
959 1221 1045 1271 τις
1088 1197 1236 1277 πρὸς
1282 1196 1428 1279 μέγα
1479 1196 1644 1270 κλέος
1691 1194 1948 1278 ὁρμῆσαι
1991 1198 2308 1276 ποιήσειεν.

378 1289 434 1347 b.
482 1287 546 1348 τὸ
588 1284 651 1347 δὲ
685 1287 970 1371 παλάμῃ
1007 1285 1139 1348 ἀντὶ
1175 1296 1280 1349 τοῦ
1316 1285 1526 1371 γνώμῃ
1559 1286 1663 1347 καὶ
1699 1289 1887 1366 βουλῇ
1923 1286 2026 1348 καὶ
2061 1284 2309 1370 ἐπινοίᾳ.
2342 1305 2372 1349 c

429 1379 529 1437 24.
589 1376 965 1456 πελώριονι
1004 1375 1076 1436 τὰ
1104 1372 1161 1455 β’
1190 1376 1295 1455 μία
1331 1374 1450 1437 ἐστὶ
1487 1376 1759 1456 περίοδος
1797 1372 1868 1448 ιζ
1895 1378 2222 1455 συλλαβῶν.
2261 1398 2311 1437 22
2349 1395 2380 1437 Α

430 1467 510 1524 26
534 1484 587 1525 a.
651 1462 927 1525 ἄπονον
974 1459 1028 1526 δ’
1072 1464 1358 1543 ἔλαβονε
1413 1462 1494 1537 ὡς
1548 1463 1688 1544 μετὰ
1744 1464 1936 1527 πόνου
1981 1464 2168 1527 αὐτοῦ
2213 1469 2314 1525 λα-
2350 1484 2381 1526 Α

289 1554 506 1634 βόντος
566 1551 673 1631 τὴν
733 1554 925 1631 νίκην.
1028 1554 1090 1615 οἱ
1145 1551 1207 1615 δὲ
1266 1553 1442 1634 χωρὶς
1500 1553 1693 1615 πόνου
1751 1562 2030 1625 νικῶντες
2090 1551 2314 1627 ἄδοξοι.

203 1665 264 1707 16
380 1644 437 1703 b.
486 1639 670 1722 ὀλίγοι
723 1640 879 1715 τινές
931 1642 1081 1703 εἰσιν
1136 1644 1197 1704 οἳ
1246 1642 1432 1722 χαρὰν
1486 1641 1802 1721 ἐκτήσαντο
1859 1642 2034 1723 χωρὶς
2090 1642 2312 1704 πόνων.

382 1752 429 1791 e.
488 1729 551 1791 τὸ
598 1727 784 1811 ὀλίγοι
830 1728 961 1792 ἀντὶ
1003 1740 1111 1792 τοῦ
1158 1731 1355 1804 ούδείς
1401 1725 1486 1813 (Ε
1525 1725 1710 1815 800)·

574 1812 613 1897 ἦ
660 1815 860 1900 ὀλίγον
906 1820 969 1881 οἱ
1007 1820 1192 1880 παῖδα
1236 1818 1470 1881 ἐοικότα
1510 1821 1746 1900 γείνατο
1795 1821 2038 1893 Τυδεύς.

431 1911 513 1969 26
536 1909 589 1968 d.
654 1905 927 1972 ἄπονον
974 1903 1030 1969 δ’
1064 1908 1319 1990 ἔλαβον
1366 1909 1590 1990 χάρμα
1634 1911 1905 1990 παῦροί
1946 1932 2160 1982 τινεςε
2209 1903 2311 1973 οὗ-
2342 1924 2587 1984 memte

292 2023 393 2071 τος
440 1995 549 2077 μὲν
596 1988 730 2075 οὖν,
776 2015 947 2076 φησι,
992 1997 1133 2077 μετὰ
1178 1998 1371 2062 πόνου
1418 1997 1586 2077 ἔλαβε
1631 1998 1742 2077 τὴν
1778 1999 1980 2076 νίκην·
2029 1997 2215 2079 ὀλίγοι
2252 1997 2318 2059 δέ

212 2110 267 2150 ιο
294 2088 446 2150 εἰσιν
505 2087 568 2148 οἱ
624 2085 798 2167 χωρὶς
855 2085 1049 2148 πόνου
1104 2087 1466 2166 νικήσαντες.
1611 2110 1660 2148 e.
1716 2085 1756 2166 ἢ
1810 2087 2021 2160 οὕτως·
2078 2085 2316 2160 οὐδένες
2346 2107 2509 2163 ecto

292 2175 471 2258 χωρὶς
528 2174 721 2236 πόνου
772 2175 958 2254 χαράν
1012 2198 1173 2248 τινος
1228 2175 1398 2256 ἔσχον
1453 2175 1644 2257 ἔργον.
1781 2178 1821 2236 f.
1878 2173 2119 2249 οὐδένες
2173 2176 2316 2257 πρὶν
2345 2196 2510 2252 Boeo

294 2264 603 2346 ἐνεργῆσαι
646 2264 860 2325 νικῶσί
901 2286 970 2324 τι.
1062 2260 1101 2342 ’ἦ
1149 2261 1212 2325 δὲ
1257 2266 1398 2343 νίκη
1441 2271 1524 2349 τῷ
1580 2267 1692 2350 βίῳ
1737 2263 1933 2325 αὐτῶν
1979 2263 2099 2326 ἐστι
2144 2267 2314 2343 φάος.

433 2357 533 2414 27.
600 2350 813 2440 βιότῳ
874 2353 1081 2430 φάοςε
1145 2349 1235 2432 [τὸ
1296 2349 1482 2433 φάος]
1540 2353 1604 2414 τὸ
1663 2354 1853 2434 χάρμα
1911 2353 1974 2414 τὸ
2035 2352 2152 2416 ἀπὸ
2211 2363 2374 2434 τῆςΑ

294 2444 468 2520 νίκης
515 2439 791 2502 ἁπάντων
837 2450 956 2501 τῶν
1001 2439 1187 2522 ἔργων
1231 2451 1337 2503 τοῦ
1383 2443 1520 2522 βίου
1567 2443 1722 2520 φάος
1766 2443 2013 2522 εἴρηκεν.

628 2554 723 2562 ——-

442 2618 507 2666 16
548 2611 659 2665 seh.
697 2612 747 2664 A
786 2614 835 2663 E
864 2616 967 2664 800

444 2763 472 2808 1
506 2751 741 2822 Ἰολ(άω)
895 2759 926 2805 2
952 2749 1227 2842 Ἀχιλῷὺς)
1263 2755 1391 2806 Πατ
1427 2752 1570 2825 όκλῳ
1725 2760 1756 2808 3
1790 2751 1934 2829 Ἰόλᾳ
1955 2763 2072 2810 —4
2108 2758 2321 2828 πύκτης

296 2826 509 2896 (0)Εο,ε
549 2807 759 2893 φερέτω
797 2819 900 2878 οὖν
972 2844 1119 2891 αριν,
1165 2823 1290 2892 ἤτοι
1328 2824 1387 2896 ἐχ
1417 2844 1493 2878 τω
1530 2824 1698 2896 χάριν
1732 2830 1808 2896 τῷ
1835 2822 1954 2900 Ἴλᾳ
1977 2823 2078 2897 Ἄγ.
2108 2828 2322 2898 πύκτης

298 2900 383 2953 Βν
491 2903 526 2950 4
565 2896 639 2956 ὡς
668 2896 749 2949 Βν
857 2900 891 2947 5
954 2893 1145 2950 κείνου
1173 2895 1380 2965 (0)Εο.ε
1411 2897 1584 2950 αὐτοῦ
1615 2897 1694 2951 Βν
1721 2898 1740 2965 ΙΙ
1765 2899 1896 2965 post
1922 2898 2013 2952 fin.
2044 2900 2157 2954 sch.
2187 2901 2318 2954 add.

295 2968 415 3038 ἅμα
444 2965 507 3023 δὲ
540 2966 639 3020 καὶ
664 2967 1033 3034 παρώρμησεν
1066 2967 1239 3022 αὐτὸν
1266 2965 1412 3020 κατὰ
1438 2975 1549 3020 τῶν
1583 2968 1790 3035 Τρώων
1819 2968 1856 3023 0
1966 2974 1997 3020 6
2028 2966 2298 3040 Ἀχιλλεὺς

288 3036 533 3111 Ἀχιλεὺς
560 3038 603 3091 Α
713 3042 741 3089 7
772 3037 1198 3105 περιθαρρύνας
1305 3045 1337 3090 9
1365 3037 1402 3091 1.
1425 3055 1550 3106 om„
1576 3041 1708 3107 post
1733 3038 1936 3108 ἀρετὴν
1966 3041 2092 3094 add.
2126 3059 2262 3110 φησι

408 3115 475 3164 10
513 3108 742 3182 παλάμᾳ
780 3107 861 3164 (ἓν
886 3109 909 3176 fl
936 3106 1159 3176 ὁρμήσει
1197 3108 1252 3176 G,
1290 3126 1397 3162 om.
1428 3107 1711 3176 ποιήσειεν
1738 3112 1758 3178 ΙΙ
1782 3109 2066 3178 ποιήσειεν
2105 3111 2177 3166 ἄν
2217 3113 2250 3166 b

300 3189 367 3236 16
406 3177 622 3250 ὀλίγονε
663 3180 696 3233 b
816 3183 880 3232 17
918 3176 953 3246 ἢ
1075 3185 1139 3232 18
1177 3179 1213 3232 l.
1256 3181 1318 3233 B:
1360 3180 1813 3250 ἔλαβον-τινες
1850 3198 1956 3236 om.
1988 3183 2025 3238 θ
2081 3201 2140 3236 π.
2177 3201 2324 3243 τινες

297 3270 406 3307 om.
450 3254 487 3306 D
543 3271 591 3321 χ.
622 3269 678 3303 π.
709 3269 755 3303 τ.
786 3265 893 3304 om.
926 3252 961 3304 Ε
1014 3257 1225 3318 παῦροι
1260 3267 1368 3304 om.
1410 3250 1451 3307 ss
1571 3257 1635 3305 19
1673 3249 1884 3315 πόνους
1921 3254 2011 3308 ΒΕ
2120 3258 2189 3306 20
2228 3253 2324 3306 οὒ-

298 3321 459 3385 «meg
489 3320 649 3389 B(ss):
681 3318 816 3376 οὐδέ
841 3339 989 3384 τινες
1016 3321 1104 3376 GE
1213 3327 1279 3374 21
1311 3321 1425 3375 sch.
1457 3321 1565 3375 26f
1595 3320 1630 3390 ἢ
1658 3339 1868 3392 praem.
1900 3324 1958 3389 Β,
1996 3322 2171 3386 ἄλλως
2201 3323 2290 3380 ΕΩ

298 3392 531 3456 οὐδένες
560 3391 678 3448 Bss:
710 3391 877 3448 οὐδὲν
905 3392 967 3445 δὲ
998 3392 1035 3446 Ι)
1076 3390 1210 3447 οὐδέ
1234 3411 1383 3454 τινες
1404 3394 1439 3446 Ε
1465 3395 1485 3462 ΙΙ
1510 3394 1670 3464 πρὶν]
1698 3395 1867 3466 χωρὶς
1892 3401 1992 3447 τοῦ
2015 3396 2052 3448 D
2151 3400 2216 3446 22
2247 3413 2300 3446 τι

295 3483 448 3525 τινες
487 3466 524 3518 D
575 3464 595 3531 ΙΙ
638 3460 933 3532 ἐνεργῆσαί
968 3482 1022 3516 τι
1058 3471 1253 3518 νικῶσι
1289 3462 1442 3517 Beck
1586 3470 1654 3518 23
1692 3463 1794 3536 βίω
1829 3464 1893 3520 τὸ
1932 3483 1991 3532 φ.
2021 3466 2039 3532 ΙΙ
2076 3463 2138 3518 τὸ
2177 3463 2326 3532 φάος

299 3535 410 3589 del.
453 3536 486 3589 b
607 3539 675 3586 24
711 3542 821 3587 τῶν
858 3551 965 3588 om.
1009 3537 1041 3588 h
1068 3537 1087 3602 ΙΙ
1116 3534 1291 3604 ἔργων
1329 3533 1551 3603 scripsi:
1593 3536 1730 3590 ἐτῶν
1767 3536 1810 3589 Α
1848 3535 2032 3604 (ἐτεῶν
2069 3531 2325 3599 προπάν-

297 3627 413 3660 των
442 3603 807 3658 scholiastam
833 3604 1037 3674 legisse
1067 3604 1136 3674 ej.
1165 3605 1369 3674 Bergk,
1401 3605 1566 3660 ἐτέων
1593 3625 1685 3674 πρ.
1715 3606 2024 3659 Mommsen
2051 3602 2136 3656 ed.
2167 3603 2322 3671 min.)
