2646 3882
333 218 467 283 238
1229 219 1455 273 Scholia.

124 384 332 459 Βοῠεο
363 383 652 463 στέφανος
704 390 976 447 καλεῖται.
1123 407 1172 449 e.
1220 384 1562 447 δέσποινα
1618 382 1681 447 δὲ
1736 384 2081 464 ἀληθείας
2139 385 2239 447 διὰ
2292 386 2358 447 τὸ

333 473 550 535 αύτόθι
595 474 658 535 τὸ
706 483 824 535 τῶν
864 468 1138 554 Ἰαμιδῶν
1185 482 1461 554 μαντεῖον
1506 474 1806 556 ὑπάρχειν.

122 579 330 637 Bouto
471 565 568 624 1f.
633 572 844 642 μᾶτερ
882 557 929 624 ὦ
965 564 1593 645 χρυσοστεφάνωνε
1638 561 1676 643 ’ἦ
1722 572 1829 642 τῆς
1865 560 2046 645 ἀρχῆς
2082 562 2361 645 ἐξήγησις

334 652 522 724 οὕτως
568 650 702 732 ἔχει·
760 645 806 713 ὦ
848 647 1134 732 Ὀλυμπία
1187 662 1366 734 μῆτερ
1422 646 1539 713 τῶν
1590 650 2085 734 ’χρυσοστεφάνων
2128 650 2354 717 ἄθλων.

169 758 330 815 Boeo
421 762 476 820 g.
524 750 701 823 μῆτερ
757 738 851 820 δὲ,
903 740 1030 806 ἐπεὶ
1076 742 1247 804 δοκεῖ
1301 739 1333 803 6
1376 735 1765 821 Ὀλυμπιακὸς
1819 739 1979 823 ἀγὼν
2032 742 2355 823 πρωτεύειν
2402 764 2435 803 ·5

121 846 328 903 Βουεο
357 839 427 914 τῇ
485 829 628 909 δόξῃ
683 828 843 910 παρὰ
895 830 1034 903 τοὺς
1088 828 1316 904 ἄλλους.
1452 832 1511 892 h.
1558 828 1638 903 ὡς
1694 821 1807 892 οὖν
1850 828 2092 912 λέγομεν
2138 829 2355 910 μητρό-

329 924 504 980 πολιν
562 918 673 997 τὴν
731 919 971 999 πρώτην
1029 918 1128 980 καὶ
1189 916 1574 1001 ἐνδοξοτέραν
1632 917 1837 998 πόλιν,
1896 920 2050 981 οὕτω
2108 918 2210 980 καὶ
2256 918 2354 981 ἐν-

331 1013 530 1069 ταῦθα
576 1006 794 1089 μητέρα
837 1005 1062 1069 ἄθλων.

182 1114 302 1170 nto
467 1099 580 1157 30..
645 1090 963 1158 δέσποιν’
1005 1096 1378 1169 ἄλαθείαςε
1440 1090 1488 1159 ὦ
1544 1094 1825 1158 δέσποινα
1880 1106 1986 1176 τῆς
2041 1095 2383 1176 ἀληθείας·“

329 1183 532 1264 ἐπειδὴ
579 1184 642 1246 τὸ
690 1184 966 1265 μαντεῖόν
1013 1185 1169 1247 ἔστιν
1215 1183 1345 1247 ἐκεῖ
1378 1185 1443 1247 τὸ
1488 1194 1605 1247 τῶν
1646 1180 1938 1265 Ἰαμιδῶν.
2383 1208 2439 1249 10

277 1292 308 1335 A
471 1275 586 1335 3b.
652 1274 769 1336 ἴνα
815 1275 1100 1354 μάντιες
1145 1272 1433 1355 ἅνδρεςε
1480 1273 1577 1335 διὰ
1622 1274 1687 1335 τὸ
1733 1284 1849 1336 τῶν
1888 1268 2164 1353 Ἰαμιδῶν
2202 1298 2349 1353 μαν-

329 1369 499 1424 τεῖον.
649 1384 696 1425 ο.
757 1362 821 1424 τὸ
881 1362 1041 1442 ἑξῆς·
1112 1363 1265 1425 ὅπου
1327 1364 1562 1443 μάντιες
1624 1361 1837 1445 ἄνδρες
1904 1370 2027 1437 τοῖς
2088 1362 2185 1423 διὰ
2242 1373 2349 1425 τοῦ
2462 1377 2467 1388 ¹

326 1451 515 1532 πυρὸς
561 1453 739 1532 ἱεροῖς
776 1453 1193 1531 σημειούμενοι
1230 1453 1643 1534 διαπειρῶνται
1676 1462 1783 1513 τοῦ
1821 1452 1981 1525 Διός.
2117 1454 2174 1511 d.
2220 1450 2351 1513 ἀντὶ

326 1548 432 1601 τοῦ
477 1538 927 1620 ἀποπειρῶνται.

163 1646 324 1702 oceo
463 1632 570 1689 30.
631 1630 749 1690 ἵνα
786 1629 1070 1702 μάντιες
1105 1622 1389 1711 ἅνδρεςε
1436 1628 1610 1708 ἔνθα,
1644 1626 1796 1710 λέγει
1832 1626 1895 1690 δὲ
1931 1627 1996 1689 ἐν
2038 1638 2105 1714 τῇ
2132 1623 2344 1709 Ὀλυμ-
2378 1651 2435 1692 15

326 1718 454 1801 πίᾳ,
501 1718 565 1778 οἱ
618 1718 851 1797 μάντιες
903 1716 1116 1800 ἄνδρες
1164 1717 1262 1779 διὰ
1315 1727 1435 1779 τῶν
1487 1717 1769 1798 ἐμπύρων
1820 1723 2055 1779 θυσιῶν
2101 1717 2347 1780 ἀποπει-

180 1824 301 1880 Βεο
331 1807 568 1885 ρῶνταί,
608 1805 617 1886 Ι
658 1825 836 1886 φησι,
880 1816 984 1869 τοῦ
1031 1807 1177 1881 Διὸς
1220 1806 1355 1888 περὶ
1398 1816 1516 1868 τῶν
1562 1804 1931 1889 ἀνθρώπων,
1976 1807 2039 1867 εἴ
2072 1830 2205 1869 τινα
2248 1806 2345 1869 λό-

325 1917 435 1978 γον
481 1895 678 1958 αὐτῶν
723 1894 835 1977 ἔχει
879 1895 980 1958 καὶ
1025 1896 1332 1978 φροντίδα.

267 2004 299 2048 A
460 1988 574 2046 40..
647 1984 991 2068 ἐμπύροις
1045 1985 1627 2067 τεκμαιρόμενοιε
1691 1984 1823 2047 ἀντὶ
1874 1995 1979 2047 τοῦ
2034 1983 2345 2067 ἐμπείρων,

325 2073 496 2154 φησὶ,
540 2074 914 2156 γινώσκουσι,
958 2075 1091 2136 τίνα
1139 2072 1170 2136 6
1208 2075 1367 2148 Ζεὺς.
1407 2074 1473 2136 ἐκ
1502 2124 1514 2136 .
1547 2123 1561 2136 .
1590 2123 1603 2135 .
1636 2123 1649 2135 .
1694 2083 1812 2135 τῶν
1847 2072 2188 2155 ἀνθρώπων
2223 2083 2342 2135 τῶν
2370 2097 2430 2137 20

324 2162 434 2242 τὴν
481 2161 695 2243 ἀρετὴν
740 2165 1101 2242 φιλούντων·
1149 2164 1260 2244 τὴν
1298 2161 1363 2225 δὲ
1400 2162 1614 2245 ἀρετὴν
1648 2163 1748 2225 καὶ
1792 2164 2183 2244 παραμυθίαν
2227 2173 2345 2224 τῶν

325 2251 529 2314 πόνων
586 2255 890 2332 ζητοῦσιν,
945 2254 1010 2314 οἱ
1058 2250 1167 2333 μὲν
1221 2251 1500 2333 ἀγαθῶν,
1556 2253 1620 2315 οἱ
1669 2250 1734 2312 δὲ
1788 2261 1905 2315 τῶν
1950 2254 2151 2313 κακῶν
2196 2251 2345 2314 ἄνα-

324 2341 525 2421 βολήν.

266 2448 298 2492 A
460 2432 576 2493 4b.
645 2439 1246 2512 παραπειρῶνταιτ
1291 2427 1331 2509 ἡ
1377 2430 1537 2510 παρά
1579 2429 1851 2510 περισσή·
1896 2429 2017 2491 ἔστι
2060 2429 2171 2511 γὰρ
2215 2451 2342 2490 πει-

323 2527 556 2599 ρῶνται.
700 2538 748 2582 c.
807 2517 848 2599 »ἢ
905 2515 945 2598 ἡ
1003 2520 1164 2599 παρά
1220 2517 1355 2580 ἀντὶ
1407 2527 1513 2598 τῆς
1567 2517 1706 2580 ἀπό·
1772 2518 1892 2580 ἔστι
1943 2517 2053 2600 γὰρ
2108 2515 2342 2599 <ἆπο->
2370 2541 2427 2582 25

321 2608 713 2688 πειράζουσιν.

463 2819 496 2867 .1
535 2817 784 2868 καλεῖται
820 2814 888 2868 A:
925 2811 1397 2884 προσαγορεύεται
1432 2815 1472 2868 V
1594 2820 1624 2866 2
1658 2809 1921 2884 Ἰαμίδων
1962 2816 2051 2869 ΒΕ
2173 2820 2205 2867 3
2243 2813 2340 2868 ἄλ-

323 2887 429 2946 λως
502 2901 670 2939 raem.
713 2884 794 2940 ὒν
837 2886 858 2954 ΙΙ
900 2883 936 2939 l.
977 2900 1084 2937 om.
1127 2884 1213 2940 GD
1261 2886 1280 2953 ΙΙ
1326 2893 1491 2954 μῆτερ
1533 2884 1669 2940 5⁴²⁹ss
1708 2886 1728 2953 ss
1771 2885 1889 2956 τῆς]
1926 2892 2025 2954 τῆς
2062 2884 2117 2950 ἐξ
2159 2887 2195 2940 D

325 2960 356 3008 5
393 2976 429 3023 μ
498 2976 566 3025 ηρ
608 2959 647 3011 Β
675 2958 694 3024 ΙΙ
722 2955 914 3025 ἐπειδὴ
955 2958 990 3010 Ε
1017 2957 1036 3024 ΙΙ
1057 2952 1389 3023 Ὀλυμπικὸς
1427 2957 1463 3010 Ε
1608 2961 1638 3009 7
1674 2955 1862 3027 πόλιν]
1901 2966 2011 3012 τῶν
2047 2955 2262 3011 πόλεων
2301 2958 2337 3011 Ε

323 3027 443 3096 (sed
486 3027 703 3081 πόλεων
748 3043 884 3081 corr.
932 3027 992 3080 in
1026 3026 1211 3096 πόλιν)
1257 3035 1275 3092 ΙΙ
1322 3027 1575 3082 ἐνταῦθα
1596 3059 1663 3066 -
1681 3031 1714 3080 8
1750 3027 1968 3099 ἄθλων]
2007 3028 2082 3091 ὡς
2116 3037 2338 3095 πρῶτον

321 3099 418 3151 καὶ
455 3097 687 3162 ἔνδοξον
721 3098 820 3153 τὸν
850 3095 1223 3167 Ὀλυμπιακὸν
1260 3098 1455 3168 ἀγῶνα
1494 3101 1531 3153 D
1678 3103 1708 3152 9
1748 3097 2018 3154 δέσποινα
2052 3099 2117 3153 δὲ
2154 3099 2237 3152 ἀλ.
2278 3099 2336 3167 D,

321 3184 426 3222 om.
467 3168 666 3222 ceteris
710 3170 730 3238 ΙΙ
773 3167 1046 3239 ἀληθείας
1084 3169 1177 3225 Bss
1359 3175 1427 3223 10
1468 3169 1589 3224 ἐπεὶ
1628 3172 1667 3224 Β
1712 3171 1731 3238 ΙΙ
1769 3167 2031 3239 Ἰαμίδων
2070 3172 2158 3225 ΒΕ

323 3244 386 3293 11
419 3235 723 3310 Ἰαμίδ(ων)
870 3247 937 3295 14
974 3241 1298 3308 ἀποπειρῶν
1445 3245 1509 3294 15
1548 3241 1584 3296 l.
1644 3257 1751 3295 om.
1785 3242 1821 3295 Ε
1874 3241 1938 3295 τὸ
1976 3241 2038 3295 δὲ
2076 3239 2173 3297 ἵνα
2209 3241 2337 3295 ἀντὶ

317 3317 418 3362 τοῦ
456 3308 497 3365 ss
630 3315 696 3364 16
735 3309 788 3363 οἱ
825 3310 1050 3379 μάντιες
1080 3313 1214 3436 ἕ-εις
1250 3311 1308 3378 C)
1346 3311 1551 3379 ἄνδρες
1639 3311 1742 3367 Ess:
1782 3311 1985 3380 ἄνδρες
2020 3312 2075 3366 οἱ
2111 3311 2339 3382 μάντιες

323 3381 405 3434 Bv
533 3384 598 3434 1⁷
637 3380 772 3434 εἰ-
795 3387 860 3436 18
897 3402 1078 3452 φροντ
1102 3385 1177 3436 δα
1216 3382 1329 3438 Εῦε
1368 3383 1428 3437 εἴ
1449 3379 1559 3438 τιν’
1594 3383 1705 3453 ἔχει
1729 3382 1920 3451 λόγον·
1959 3382 2132 3452 ἤγουν
2160 3402 2337 3452 φρον-

317 3448 448 3504 τίδα
478 3452 517 3505 Β
602 3455 667 3504 19
696 3450 968 3521 ἐμπείρων
995 3456 1344 3522 corruptum:
1375 3452 1453 3508 δι’
1476 3453 1769 3523 ἐμπύρωνῖ
1842 3458 1909 3506 20
1934 3452 2041 3506 lac,
2062 3453 2335 3520 inditum-13

321 3519 378 3574 εἴ
407 3539 535 3575 τινα
572 3521 737 3589 λόγον
776 3521 805 3576 6
840 3527 897 3577 Ζ.
929 3524 1038 3594 ἔχει
1069 3525 1376 3579 Schroeder
1492 3531 1557 3578 21
1576 3541 1655 3592 sq.
1686 3525 1971 3593 corrupbag
2001 3523 2335 3593 ἀναπνοήνῖ

321 3591 626 3645 Sohxoeder
767 3599 834 3646 22
872 3599 1078 3650 καλῶν;
1118 3597 1333 3650 correxi
1484 3601 1551 3649 25
1590 3593 1770 3663 suppl,
1814 3596 1844 3649 b
