2646 3882
298 181 382 245 52
1193 180 1420 236 Scholia.
1537 141 1543 155 Ι

294 347 514 434 ἑκάστῳ
573 337 716 426 οὖν,
771 365 950 427 φησι,
1004 357 1120 409 τῶν
1175 345 1518 428 ἀνθρώπων
1570 345 1636 408 τὸ
1690 341 1832 428 παρ’
1874 343 2101 427 ἡμέραν
2154 344 2318 426 γινό-

123 455 242 512 Βεο
299 459 477 516 μενον
539 437 798 516 κρίνεται
863 435 1132 518 μέγιστον
1195 430 1365 498 εἶναι.
1517 436 1572 496 b.
1637 433 1854 509 ἄλλως·
1914 434 1979 496 τὸ
2040 433 2140 495 διὰ
2198 442 2317 495 τῶν

295 523 504 588 ἄθλων
549 525 1025 607 παραγινόμενον
1070 524 1305 607 ἀγαθὸν
1351 518 1489 607 παρ’
1523 523 1757 602 ἐκείνην
1797 524 1906 603 τὴν
1945 520 2171 605 ἡμέραν
2206 522 2317 601 τὴν

294 614 646 694 ἐνεστῶσαν,
699 613 764 677 έν
809 602 849 700 ᾖ
903 637 992 688 τις
1042 613 1345 694 ἐνίκησεν,
1399 615 1628 675 ὕπατον
1674 614 1844 676 δοκεῖ
1885 612 1989 674 καὶ
2044 611 2317 694 μέγιστον

296 702 530 785 ἀγαθὸν
575 709 656 788 τῷ
702 703 1051 784 τετυχηκότι.
1188 724 1235 764 ο.
1280 701 1322 782 ἢ
1369 704 1548 765 οὕτω·
1597 701 1663 763 τὸ
1698 703 1845 784 παρ’
1883 699 2109 782 ἡμέραν
2154 701 2315 783 γινό-
2373 721 2400 761 5

82 811 112 854 Β
126 810 244 866 σεο
301 809 505 872 μενον·
551 791 622 853 τὰ
648 791 760 874 γὰρ
788 790 1070 853 ἐνεστῶτα
1103 801 1222 853 τῶν
1251 792 1577 872 μελλόντων
1611 792 2001 873 προκρίνεται.
2137 792 2191 850 d.
2218 787 2317 851 ἅλ-

290 887 432 954 λως·
490 880 554 943 τὸ
619 878 683 942 δὲ
728 875 874 942 καθ’
914 878 1140 960 ἡμέραν
1197 880 1299 942 καὶ
1354 879 1735 953 ἀδιαλείπτως
1788 879 1980 958 παρὸν
2035 884 2160 952 τοῖς
2210 877 2318 939 ἀν·
2366 919 2375 925 -

294 970 562 1052 θρώποις
607 968 872 1050 ἀγαθὸν,
925 981 1098 1032 τοῦτο
1154 969 1358 1050 ἔξοχον
1412 969 1513 1030 καὶ
1566 969 2046 1050 ὑπεράνθρωπον
2097 968 2319 1049 γίνεται

87 1076 286 1132 Βεῐκο
323 1057 574 1140 ἀγαθόν.
711 1079 759 1120 e.
805 1056 846 1139 ἣ
893 1060 1071 1120 οὕτω·
1118 1058 1182 1121 τὸ
1221 1056 1285 1120 δὲ
1321 1058 1483 1140 παρὰ
1526 1058 1637 1137 τὴν
1682 1067 1787 1120 τοῦ
1834 1057 2130 1136 στεφάνου
2174 1053 2317 1135 ἡμέ-

296 1172 406 1230 ραν
462 1146 697 1230 ἀγαθὸν
751 1147 979 1209 ὕπατον
1031 1147 1256 1230 γίνεται
1297 1147 1477 1208 παντὶ
1522 1145 1841 1232 ἀνθρώπῳ.
1930 1142 1970 1224 ἡ
2019 1143 2083 1206 δὲ
2126 1142 2317 1226 ἡμέρα
2345 1166 2399 1206 10

90 1253 295 1311 Βουεο
323 1231 468 1298 καθ’
509 1237 587 1316 ἤν
630 1259 718 1309 τις
765 1235 1031 1315 στέφεται
1072 1238 1383 1316 τιμιωτάτη
1430 1234 1603 1298 ἐστίν.
1737 1237 1777 1295 f.
1825 1233 2035 1307 ἄλλως·
2081 1232 2185 1296 ἐάν
2232 1256 2319 1307 τις

297 1325 580 1408 πρότερον
640 1324 854 1410 εὐτυχῇ
923 1324 990 1386 έν
1057 1332 1139 1411 τῷ
1196 1323 1351 1412 ἄλλῳ
1460 1326 1530 1387 ίω
1588 1324 1690 1386 καὶ
1755 1324 1932 1385 πάλιν
1993 1323 2319 1404 εὐτυχήσας

298 1414 534 1499 νικήσῃ,
579 1413 644 1476 ἐν
691 1412 886 1498 ἐκείνῃ
931 1423 1002 1499 τῇ
1048 1411 1238 1499 ἡμέρα
1283 1413 1349 1476 έν
1393 1440 1433 1500 ῃ
1479 1388 1751 1492 ένίκησεν
1796 1410 2157 1491 ἐπιλέλησται
2200 1421 2319 1474 τῶν

217 1519 250 1576 Q
303 1502 603 1584 προτέρων
639 1503 1068 1583 εὐτυχημάτων.
1195 1525 1250 1584 g.
1296 1501 1516 1576 &Mons-²
1546 1501 1610 1564 τὸ
1647 1501 1759 1584 γὰρ
1795 1500 1943 1562 κατὰ
1978 1501 2319 1582 προαίρεσιν

295 1594 627 1672 συμβαῖνον
674 1589 907 1672 ἀγαθὸν
952 1593 1180 1654 ὕπατον
1235 1591 1337 1653 καὶ
1392 1590 1662 1673 μέγιστον
1715 1591 1935 1671 γίνεται
1989 1589 2167 1651 παντὶ
2211 1588 2317 1651 ἀν-
2347 1609 2397 1651 15

298 1680 525 1766 θρώπῳ
539 1698 551 1710 ·
600 1681 791 1762 ὥσπερ
835 1680 936 1742 καὶ
982 1679 1013 1742 ὀ
1053 1676 1250 1762 Ἱέρων
1295 1680 1675 1760 ἐπιθυμήσας
1720 1679 1893 1758 νίκης
1938 1677 2174 1758 ἐνίκησε
2220 1678 2323 1740 καὶ

295 1766 519 1850 ἐγένετο
578 1769 738 1853 αὐτῷ
806 1779 977 1832 τοῦτο
1045 1769 1109 1831 τὸ
1177 1765 1318 1851 παρ’
1362 1767 1587 1851 ἡμέραν
1655 1766 1891 1850 ἀγαθὸν
1961 1767 2109 1829 κατὰ
2173 1790 2321 1849 προ-

299 1858 522 1938 αίρεσιν
568 1855 840 1919 τελεσθὲν
885 1859 1113 1920 ὕπατον
1157 1859 1259 1920 καὶ
1304 1856 1591 1940 μέγιστον.

93 1963 296 2020 uento
437 1950 634 2009 164a.
700 1949 1044 2027 Αἰοληίὸι
1099 1954 1358 2033 μολπᾷε
1421 1946 1551 2027 ἤτοι
1603 1948 1864 2033 ποικίλῃ·
1920 1948 2158 2008 ποικίλα
2208 1945 2322 2028 γὰρ

295 2035 366 2097 τὰ
410 2038 644 2118 λυρικά·
693 2035 733 2117 ἢ
774 2038 1033 2122 Θηβαίᾳ·
1079 2039 1145 2099 οἱ
1178 2037 1289 2119 γὰρ
1326 2038 1563 2110 Αἰολεῖς
1600 2032 1838 2121 ᾤκησαν
1882 2035 1993 2109 τὰς
2035 2035 2255 2116 Θήβας.
2350 2056 2403 2095 20

298 2127 356 2186 b.
403 2122 556 2199 τινὲς
604 2124 668 2187 δέ
712 2143 898 2204 φασιν
955 2126 1045 2187 ὅτι
1092 2124 1334 2189 ἀνωθεν
1381 2126 1634 2198 Αἰολεὺς
1679 2124 1743 2185 τὸ
1788 2123 1959 2206 γένος
2010 2122 2041 2185 ὁ
2087 2123 2321 2186 Πίνδα-

299 2231 430 2296 ρος·
479 2215 544 2276 οἱ
584 2212 646 2277 δὲ
695 2214 782 2276 ὅτι
809 2215 1034 2301 Aioi-lap
1079 2216 1296 2301 ῥυθμῷ
1344 2214 1441 2276 διὰ
1488 2224 1591 2293 τῆς
1631 2222 1919 2295 μουσικῆς
1956 2222 2165 2295 χρῆται
2201 2222 2322 2275 τῶν

299 2304 658 2383 ποιημάτων.

98 2408 301 2464 acuto
441 2396 565 2454 165
588 2413 640 2453 a.
706 2390 1024 2454 πέποιθα
1071 2390 1144 2454 δὲ
1188 2391 1423 2466 ξένονε
1469 2390 1718 2475 ἐμαυτῷ.
1852 2390 1955 2454 τὸν
1994 2384 2246 2471 Ἱέρωνα.

298 2480 705 2561 ἐμπεριέχοντος
761 2480 861 2541 καὶ
927 2482 1037 2543 δύο
1102 2490 1219 2543 τῶν
1277 2486 1497 2542 καλῶν·
1574 2480 1607 2542 ὅ
1664 2478 1852 2559 ἔστιν,
1920 2478 2156 2561 ἀγαθὸν
2219 2479 2322 2541 καὶ
2350 2500 2402 2541 25

445 2640 472 2687 1
511 2632 582 2687 τὰ
620 2635 677 2687 et
717 2630 984 2704 γινόμενα
1024 2636 1060 2690 Ε
1187 2640 1218 2687 2
1259 2633 1357 2687 διὰ
1394 2633 1616 2703 scripsi:
1657 2632 1719 2689 δὲ
1847 2638 1877 2685 3
1914 2651 2153 2703 περιγιν.
2195 2634 2231 2688 Ε

297 2709 459 2773 Bsqq.
492 2705 622 2759 sch.
654 2705 691 2757 d
725 2708 882 2775 post
917 2705 946 2757 f
974 2706 1102 2773 trp.
1133 2704 1268 2761 ΒΓΚ
1371 2709 1400 2758 7
1432 2703 1496 2759 δὲ
1514 2721 1620 2758 om.
1644 2703 2154 2776 (ὶῐ-’ΚΙΙπαρὸνῠθῒ
2174 2705 2325 2773 (post

295 2776 623 2845 ἀνθρώποις
647 2778 779 2847 trp.)
819 2775 882 2832 0:
921 2775 1077 2845 παρὰ
1118 2777 1349 2832 ΒΕῐ-’Κν
1476 2780 1507 2828 8
1547 2775 1741 2847 ἔξοχον
1776 2775 1875 2829 καὶ
1913 2775 2080 2832 BGU:
2122 2774 2325 2846 ἐξόχως

300 2846 460 2918 ΕΡΚΙ
489 2847 628 2915 ὑπὲρ
659 2847 827 2915 ἀνθρ.
859 2848 1018 2901 codd.
1104 2852 1135 2901 9
1165 2846 1293 2915 περὶ
1322 2847 1404 2904 (lv
1489 2852 1551 2900 11
1585 2844 1732 2900 ἐστίν
1761 2863 1865 2901 om.
1890 2848 1973 2901 Bv
2057 2851 2123 2899 12
2152 2845 2296 2900 ἄλλω

299 2936 439 2985 προτ
469 2938 546 2989 ρῳ
585 2919 622 2973 0
667 2921 687 2988 ΙΙ
733 2918 1036 2989 εὐτυχήσας
1079 2917 1278 2990 νικήσῃ
1316 2917 1433 2974 Bss:
1474 2916 1780 2989 εὐτυχήσας
1824 2913 2128 2989 [ἐνίκησεν]
2177 2900 2293 2988 D[b

299 2986 416 3057 (cfr.
451 2992 537 3059 13)
597 2988 875 3060 ἀτυχήσας
911 2989 1109 3058 νικήση
1148 2991 1184 3044 Ε
1239 2987 1511 3060 εὐτυχήσῃ
1541 2987 1774 3055 νικήσας
1802 2988 1937 3043 cFK
2071 2993 2136 3042 13
2177 2988 2321 3042 ἐν·-

300 3055 552 3129 ἐνίκησεν
572 3076 678 3111 om.
702 3061 739 3113 D
769 3060 788 3127 ΙΙ
813 3067 880 3129 τῇ
908 3058 1048 3135 μέρᾳ
1078 3044 1114 3117 Ε
1207 3066 1275 3114 14
1301 3057 1587 3149 προτέρων
1609 3059 1775 3116 ΒΕΠε
1795 3060 2030 3127 πρώτων
2051 3061 2089 3114 D
2126 3060 2323 3128 πρώην

301 3130 386 3186 ΒΕ
399 3131 436 3184 Ι(
471 3132 490 3199 ΙΙ
518 3126 884 3200 ἀτυχημάτων
924 3133 959 3186 Ε
1106 3136 1171 3185 19
1207 3130 1429 3186 Attouda
1469 3131 1562 3188 Du
1595 3132 1616 3199 ΙΙ
1641 3128 1869 3185 ποικίλα
1889 3129 2173 3199 -λυρικά
2212 3147 2321 3184 om.

302 3200 391 3255 GD
539 3205 606 3252 20
647 3200 867 3255 ἔκτισαν
908 3201 945 3258 0
995 3202 1176 3271 (abest
1214 3204 1274 3269 D)
1421 3208 1485 3255 21
1531 3200 1707 3264 ἄλλως
1740 3217 1950 3271 praem.
1983 3202 2072 3259 Eu
2096 3203 2117 3271 ss
2145 3219 2323 3270 φασιν

301 3286 405 3323 om.
439 3269 475 3325 G
532 3287 708 3339 φασιν
747 3269 830 3324 ὅτι
867 3288 972 3326 om.
1014 3276 1051 3329 D
1098 3276 1119 3343 ΙΙ
1164 3270 1272 3345 ὅτι]
1311 3270 1488 3337 οὕτως
1525 3274 1561 3327 Ε
1714 3278 1781 3325 22
1821 3268 2041 3345 αἰολείῳ
2080 3272 2205 3328 1:1²⁰?
2227 3274 2264 3327 D
2302 3272 2324 3345 Η

299 3348 498 3464 Ξρᾶται
537 3340 617 3397 ssv
762 3347 826 3395 23
865 3344 1202 3413 πονημάτων
1243 3346 1282 3399 Β
1400 3349 1497 3404 ,24
1543 3341 1703 3409 ξένον
1740 3360 1846 3398 om.
1888 3343 1925 3398 G
1962 3344 2113 3412 (hab.
2154 3344 2266 3415 [D])
2304 3346 2323 3414 ΙΙ

329 3414 518 3481 μαυτῷ
558 3410 660 3467 ssr:
702 3412 938 3485 ἐμαυτ(ῷ
949 3417 993 3482 Ῥ)
1034 3417 1074 3470 Β
1131 3415 1371 3484 ἐμαυτὸν
1402 3417 1438 3470 Ε
1494 3415 1735 3484 ἐμαυτοῦ
1764 3417 1795 3469 ΙΙ
1851 3412 2109 3469 πέπονθά
2146 3431 2321 3483 φησιν

304 3480 519 3551 ἐμαυτῷ
557 3480 632 3549 μή
666 3502 793 3537 τινα
830 3482 991 3548 ξένον
1030 3480 1178 3539 εἶναι
1213 3486 1288 3547 ὡς
1316 3487 1451 3557 06))
1596 3491 1663 3540 25
1703 3482 2081 3557 ἐμπεριέχεται
2114 3485 2186 3539 τὰ
2214 3484 2321 3540 δύο

301 3550 444 3604 καλὰ
483 3551 570 3607 GD
617 3554 634 3620 ΙΙ
681 3553 929 3625 ἀγαθὸν]
968 3555 1055 3625 ἀγ.
1095 3555 1231 3611 ὄντα
1270 3557 1359 3612 01)
