<?xml version="1.0" encoding="UTF-8"?>
<!DOCTYPE html PUBLIC "-//W3C//DTD XHTML 1.0 Transitional//EN"
    "http://www.w3.org/TR/xhtml1/DTD/xhtml1-transitional.dtd">
<html xmlns="http://www.w3.org/1999/xhtml" xml:lang="en" lang="en">
 <head>
  <title>
</title>
<meta http-equiv="Content-Type" content="text/html;charset=utf-8" />
  <meta name='ocr-system' content='tesseract 3.04.00' />
  <meta name='ocr-capabilities' content='ocr_page ocr_carea ocr_par ocr_line ocrx_word'/>
</head>
<body>
  <div class='ocr_page' id='page_1' title='image "./scholiaveterain00dracgoog_0245.png"; bbox 0 0 2646 3882; ppageno 0'>
   <div class='ocr_carea' id='block_1_1' title="bbox 976 216 2305 288">
    <p class='ocr_par' dir='ltr' id='par_1_1' title="bbox 976 216 2305 288">
     <span class='ocr_line' id='line_1_1' title="bbox 976 216 2305 288; baseline 0.008 -17"><span class='ocrx_word' id='word_1_1' title='bbox 976 216 1196 288; x_wconf 81' lang='lat' dir='ltr'>olymp.</span> <span class='ocrx_word' id='word_1_2' title='bbox 1225 216 1330 271; x_wconf 81' lang='lat' dir='ltr'><strong><em>VII</em></strong></span> <span class='ocrx_word' id='word_1_3' title='bbox 1365 222 1593 272; x_wconf 81' lang='lat'><em>60—66</em></span> <span class='ocrx_word' id='word_1_4' title='bbox 2170 216 2305 282; x_wconf 82' lang='lat'><strong><em>215</em></strong></span> 
     </span>
    </p>
   </div>
   <div class='ocr_carea' id='block_1_2' title="bbox 218 379 2498 1037">
    <p class='ocr_par' dir='ltr' id='par_1_2' title="bbox 218 379 2498 1037">
     <span class='ocr_line' id='line_1_2' title="bbox 263 379 2301 468; baseline -0 -20"><span class='ocrx_word' id='word_1_5' title='bbox 263 383 529 468; x_wconf 79' lang='grc' dir='ltr'><strong><em>Ὁμήρου</em></strong></span> <span class='ocrx_word' id='word_1_6' title='bbox 567 383 855 465; x_wconf 81' lang='grc' dir='ltr'><strong><em>ὁρμηθεὶς</em></strong></span> <span class='ocrx_word' id='word_1_7' title='bbox 891 381 1062 466; x_wconf 75' lang='grc' dir='ltr'><strong><em>λέγει,</em></strong></span> <span class='ocrx_word' id='word_1_8' title='bbox 1098 383 1190 446; x_wconf 79' lang='grc' dir='ltr'><strong><em>ὅτι</em></strong></span> <span class='ocrx_word' id='word_1_9' title='bbox 1222 384 1380 458; x_wconf 78' lang='grc' dir='ltr'><strong><em>Ζεὺς</em></strong></span> <span class='ocrx_word' id='word_1_10' title='bbox 1415 383 1638 466; x_wconf 85' lang='grc' dir='ltr'><strong><em>χρυσὸν</em></strong></span> <span class='ocrx_word' id='word_1_11' title='bbox 1674 382 1869 466; x_wconf 79' lang='grc' dir='ltr'><strong><em>ἔβρεξε</em></strong></span> <span class='ocrx_word' id='word_1_12' title='bbox 1905 389 2026 457; x_wconf 84' lang='grc' dir='ltr'><strong><em>τοῖς</em></strong></span> <span class='ocrx_word' id='word_1_13' title='bbox 2053 379 2301 458; x_wconf 79' lang='grc' dir='ltr'><strong><em>Ῥοδίοις</em></strong></span> 
     </span>
     <span class='ocr_line' id='line_1_3' title="bbox 276 466 1524 557; baseline -0.003 -20"><span class='ocrx_word' id='word_1_14' title='bbox 276 473 377 538; x_wconf 82' lang='grc' dir='ltr'><strong><em>διὰ</em></strong></span> <span class='ocrx_word' id='word_1_15' title='bbox 420 474 486 537; x_wconf 84' lang='grc' dir='ltr'><strong><em>τὸ</em></strong></span> <span class='ocrx_word' id='word_1_16' title='bbox 528 475 634 537; x_wconf 82' lang='grc' dir='ltr'><strong><em>τὸν</em></strong></span> <span class='ocrx_word' id='word_1_17' title='bbox 676 473 932 553; x_wconf 77' lang='grc' dir='ltr'><strong><em>ποιητὴν</em></strong></span> <span class='ocrx_word' id='word_1_18' title='bbox 976 472 1272 556; x_wconf 77' lang='grc' dir='ltr'><strong><em>εἰρηκέναι</em></strong></span> <span class='ocrx_word' id='word_1_19' title='bbox 1316 468 1384 557; x_wconf 89' lang='lat' dir='ltr'><strong><em>(l.</em></strong></span> <span class='ocrx_word' id='word_1_20' title='bbox 1422 466 1524 557; x_wconf 78' lang='lat' dir='ltr'><strong>c.)·</strong></span> 
     </span>
     <span class='ocr_line' id='line_1_4' title="bbox 495 576 2117 661; baseline -0.001 -19"><span class='ocrx_word' id='word_1_21' title='bbox 495 581 602 642; x_wconf 86' lang='grc' dir='ltr'><strong><em>καί</em></strong></span> <span class='ocrx_word' id='word_1_22' title='bbox 641 599 788 658; x_wconf 90' lang='grc' dir='ltr'><strong><em>σφιν</em></strong></span> <span class='ocrx_word' id='word_1_23' title='bbox 831 576 1152 641; x_wconf 79' lang='grc' dir='ltr'><strong><em>θεσπέσιον</em></strong></span> <span class='ocrx_word' id='word_1_24' title='bbox 1194 584 1457 643; x_wconf 81' lang='grc' dir='ltr'><strong><em>πλοῦτον</em></strong></span> <span class='ocrx_word' id='word_1_25' title='bbox 1498 578 1766 661; x_wconf 75' lang='grc' dir='ltr'><strong><em>κατέχευε</em></strong></span> <span class='ocrx_word' id='word_1_26' title='bbox 1811 580 2089 661; x_wconf 77' lang='grc' dir='ltr'><strong><em>Κρονίων</em></strong></span> <span class='ocrx_word' id='word_1_27' title='bbox 2103 593 2117 608; x_wconf 89' lang='grc'><em>·</em></span> 
     </span>
     <span class='ocr_line' id='line_1_5' title="bbox 279 682 2480 772; baseline -0 -21"><span class='ocrx_word' id='word_1_28' title='bbox 279 682 288 772; x_wconf 76' lang='grc' dir='ltr'>Ι</span> <span class='ocrx_word' id='word_1_29' title='bbox 322 688 434 751; x_wconf 76' lang='grc' dir='ltr'><strong><em>οὐκ</em></strong></span> <span class='ocrx_word' id='word_1_30' title='bbox 477 686 781 769; x_wconf 74' lang='grc' dir='ltr'><strong><em>εἰρηκότος</em></strong></span> <span class='ocrx_word' id='word_1_31' title='bbox 813 682 1076 768; x_wconf 79' lang='grc' dir='ltr'><strong><em>Ὀμήρου</em></strong></span> <span class='ocrx_word' id='word_1_32' title='bbox 1131 686 1220 748; x_wconf 80' lang='grc' dir='ltr'><strong><em>ὅτι</em></strong></span> <span class='ocrx_word' id='word_1_33' title='bbox 1273 684 1471 768; x_wconf 79' lang='grc' dir='ltr'><strong><em>ἔβρεξε</em></strong></span> <span class='ocrx_word' id='word_1_34' title='bbox 1514 685 1763 769; x_wconf 82' lang='grc' dir='ltr'><strong><em>χρυσὸν,</em></strong></span> <span class='ocrx_word' id='word_1_35' title='bbox 1816 684 1961 747; x_wconf 82' lang='grc' dir='ltr'><strong><em>ἀλλὰ</em></strong></span> <span class='ocrx_word' id='word_1_36' title='bbox 2004 686 2300 768; x_wconf 87' lang='grc' dir='ltr'><strong><em>περιεποί-</em></strong></span> <span class='ocrx_word' id='word_1_37' title='bbox 2330 705 2480 762; x_wconf 67' lang='lat' dir='ltr'>50¹¹·ss</span> 
     </span>
     <span class='ocr_line' id='line_1_6' title="bbox 218 774 1335 859; baseline -0.003 -17"><span class='ocrx_word' id='word_1_38' title='bbox 218 800 245 842; x_wconf 71' lang='grc' dir='ltr'><strong><em>ο</em></strong></span> <span class='ocrx_word' id='word_1_39' title='bbox 275 794 381 857; x_wconf 88' lang='grc' dir='ltr'><strong><em>ησε</em></strong></span> <span class='ocrx_word' id='word_1_40' title='bbox 425 778 618 859; x_wconf 85' lang='grc' dir='ltr'><strong><em>χύδην</em></strong></span> <span class='ocrx_word' id='word_1_41' title='bbox 663 776 865 849; x_wconf 76' lang='grc' dir='ltr'><strong><em>αὐτοῖς</em></strong></span> <span class='ocrx_word' id='word_1_42' title='bbox 910 774 1014 837; x_wconf 83' lang='grc' dir='ltr'><strong><em>τὸν</em></strong></span> <span class='ocrx_word' id='word_1_43' title='bbox 1058 780 1335 839; x_wconf 78' lang='grc' dir='ltr'><strong><em>πλοῦτον.</em></strong></span> 
     </span>
     <span class='ocr_line' id='line_1_7' title="bbox 414 861 2498 948; baseline 0 -21"><span class='ocrx_word' id='word_1_44' title='bbox 414 869 514 927; x_wconf 84' lang='grc'><strong><em>64.</em></strong></span> <span class='ocrx_word' id='word_1_45' title='bbox 573 864 907 948; x_wconf 82' lang='grc' dir='ltr'><strong><em>χρυσέαις</em></strong></span> <span class='ocrx_word' id='word_1_46' title='bbox 944 864 1355 942; x_wconf 74' lang='grc' dir='ltr'><strong><em>νιφάδεσσιε</em></strong></span> <span class='ocrx_word' id='word_1_47' title='bbox 1389 874 1563 927; x_wconf 80' lang='grc' dir='ltr'><strong><em>τοῦτο</em></strong></span> <span class='ocrx_word' id='word_1_48' title='bbox 1600 861 1881 946; x_wconf 75' lang='grc' dir='ltr'><strong><em>ἄντικρυς</em></strong></span> <span class='ocrx_word' id='word_1_49' title='bbox 1917 861 1983 925; x_wconf 85' lang='grc' dir='ltr'><strong><em>ἐκ</em></strong></span> <span class='ocrx_word' id='word_1_50' title='bbox 2019 872 2125 925; x_wconf 77' lang='grc' dir='ltr'><strong><em>τοῦ</em></strong></span> <span class='ocrx_word' id='word_1_51' title='bbox 2157 861 2302 925; x_wconf 82' lang='grc' dir='ltr'><strong><em>άθε-</em></strong></span> <span class='ocrx_word' id='word_1_52' title='bbox 2332 882 2498 940; x_wconf 69' lang='lat' dir='ltr'><strong><em>aueo</em></strong></span> 
     </span>
     <span class='ocr_line' id='line_1_8' title="bbox 273 944 2151 1037; baseline -0.002 -21"><span class='ocrx_word' id='word_1_53' title='bbox 273 954 568 1035; x_wconf 84' lang='grc' dir='ltr'><strong><em>τουμένου</em></strong></span> <span class='ocrx_word' id='word_1_54' title='bbox 604 951 928 1037; x_wconf 79' lang='grc' dir='ltr'><strong><em>Ὁμηρικοῦ</em></strong></span> <span class='ocrx_word' id='word_1_55' title='bbox 975 953 1174 1034; x_wconf 81' lang='grc' dir='ltr'><strong><em>στίχου</em></strong></span> <span class='ocrx_word' id='word_1_56' title='bbox 1218 953 1463 1033; x_wconf 79' lang='grc' dir='ltr'><strong><em>εἴληφεν</em></strong></span> <span class='ocrx_word' id='word_1_57' title='bbox 1510 951 1541 1015; x_wconf 89' lang='lat'><em>6</em></span> <span class='ocrx_word' id='word_1_58' title='bbox 1588 953 1895 1035; x_wconf 84' lang='grc' dir='ltr'><strong><em>Πίνδαρος</em></strong></span> <span class='ocrx_word' id='word_1_59' title='bbox 1941 946 2007 1036; x_wconf 92' lang='lat' dir='ltr'><strong><em>(l.</em></strong></span> <span class='ocrx_word' id='word_1_60' title='bbox 2046 944 2151 1036; x_wconf 82' lang='grc' dir='ltr'><strong><em>ο.)·</em></strong></span> 
     </span>
    </p>
   </div>
   <div class='ocr_carea' id='block_1_3' title="bbox 488 1058 2105 1143">
    <p class='ocr_par' dir='ltr' id='par_1_3' title="bbox 488 1058 2105 1143">
     <span class='ocr_line' id='line_1_9' title="bbox 488 1058 2105 1143; baseline -0.001 -20"><span class='ocrx_word' id='word_1_61' title='bbox 488 1062 593 1123; x_wconf 86' lang='grc' dir='ltr'><strong><em>καί</em></strong></span> <span class='ocrx_word' id='word_1_62' title='bbox 634 1079 780 1140; x_wconf 93' lang='grc' dir='ltr'><strong><em>σφιν</em></strong></span> <span class='ocrx_word' id='word_1_63' title='bbox 825 1059 1144 1124; x_wconf 81' lang='grc' dir='ltr'><strong><em>θεσπέσιον</em></strong></span> <span class='ocrx_word' id='word_1_64' title='bbox 1190 1066 1451 1124; x_wconf 84' lang='grc' dir='ltr'><strong><em>πλοῦτον</em></strong></span> <span class='ocrx_word' id='word_1_65' title='bbox 1494 1058 1761 1143; x_wconf 77' lang='grc' dir='ltr'><strong><em>κατέχευε</em></strong></span> <span class='ocrx_word' id='word_1_66' title='bbox 1806 1062 2105 1142; x_wconf 85' lang='grc' dir='ltr'><strong><em>Κρονίων.</em></strong></span> 
     </span>
    </p>
   </div>
   <div class='ocr_carea' id='block_1_4' title="bbox 193 1154 2516 2407">
    <p class='ocr_par' dir='ltr' id='par_1_4' title="bbox 193 1154 2516 2407">
     <span class='ocr_line' id='line_1_10' title="bbox 381 1154 2515 1250; baseline 0 -21"><span class='ocrx_word' id='word_1_67' title='bbox 381 1154 514 1231; x_wconf 87' lang='grc'><strong><em>65.</em></strong></span> <span class='ocrx_word' id='word_1_68' title='bbox 580 1161 762 1250; x_wconf 77' lang='grc' dir='ltr'><strong><em>ἁνίχ’</em></strong></span> <span class='ocrx_word' id='word_1_69' title='bbox 797 1160 1187 1248; x_wconf 75' lang='grc' dir='ltr'><strong><em>Ἁφαίστου</em></strong></span> <span class='ocrx_word' id='word_1_70' title='bbox 1231 1167 1579 1250; x_wconf 70' lang='grc' dir='ltr'><strong><em>τέχναισιι</em></strong></span> <span class='ocrx_word' id='word_1_71' title='bbox 1624 1167 1729 1230; x_wconf 85' lang='grc' dir='ltr'><strong><em>τὸν</em></strong></span> <span class='ocrx_word' id='word_1_72' title='bbox 1765 1166 1976 1250; x_wconf 81' lang='grc' dir='ltr'><strong><em>καιρὸν</em></strong></span> <span class='ocrx_word' id='word_1_73' title='bbox 2020 1162 2166 1229; x_wconf 84' lang='grc' dir='ltr'><strong><em>καθ’</em></strong></span> <span class='ocrx_word' id='word_1_74' title='bbox 2201 1162 2275 1229; x_wconf 76' lang='grc' dir='ltr'><strong><em>ὃν</em></strong></span> <span class='ocrx_word' id='word_1_75' title='bbox 2305 1185 2515 1243; x_wconf 67' lang='lat' dir='ltr'>acuto</span> 
     </span>
     <span class='ocr_line' id='line_1_11' title="bbox 193 1252 2306 1343; baseline -0.002 -21"><span class='ocrx_word' id='word_1_76' title='bbox 193 1282 250 1323; x_wconf 81' lang='grc' dir='ltr'><strong><em>ιο</em></strong></span> <span class='ocrx_word' id='word_1_77' title='bbox 279 1258 433 1331; x_wconf 81' lang='grc' dir='ltr'><strong><em>Ζεὺς</em></strong></span> <span class='ocrx_word' id='word_1_78' title='bbox 477 1256 543 1319; x_wconf 89' lang='grc' dir='ltr'><strong><em>ἐν</em></strong></span> <span class='ocrx_word' id='word_1_79' title='bbox 579 1253 761 1343; x_wconf 75' lang='grc' dir='ltr'><strong><em>Ῥόδῳ</em></strong></span> <span class='ocrx_word' id='word_1_80' title='bbox 806 1257 1026 1340; x_wconf 86' lang='grc' dir='ltr'><strong><em>χρυσὸν</em></strong></span> <span class='ocrx_word' id='word_1_81' title='bbox 1073 1252 1208 1338; x_wconf 78' lang='grc' dir='ltr'><strong><em>ὗσε,</em></strong></span> <span class='ocrx_word' id='word_1_82' title='bbox 1261 1256 1362 1319; x_wconf 80' lang='grc' dir='ltr'><strong><em>διὰ</em></strong></span> <span class='ocrx_word' id='word_1_83' title='bbox 1407 1267 1512 1337; x_wconf 88' lang='grc' dir='ltr'><strong><em>τῆς</em></strong></span> <span class='ocrx_word' id='word_1_84' title='bbox 1557 1258 1814 1339; x_wconf 78' lang='grc' dir='ltr'><strong><em>ἱστορίας</em></strong></span> <span class='ocrx_word' id='word_1_85' title='bbox 1859 1254 2306 1337; x_wconf 80' lang='grc' dir='ltr'><strong><em>ἐπισημαίνεται</em></strong></span> 
     </span>
     <span class='ocr_line' id='line_1_12' title="bbox 276 1344 2504 1426; baseline -0 -17"><span class='ocrx_word' id='word_1_86' title='bbox 276 1346 385 1409; x_wconf 87' lang='grc' dir='ltr'><strong><em>καί</em></strong></span> <span class='ocrx_word' id='word_1_87' title='bbox 431 1363 620 1426; x_wconf 89' lang='grc' dir='ltr'><strong><em>φησιν</em></strong></span> <span class='ocrx_word' id='word_1_88' title='bbox 685 1344 774 1407; x_wconf 79' lang='grc' dir='ltr'><strong><em>ὅτι</em></strong></span> <span class='ocrx_word' id='word_1_89' title='bbox 813 1348 823 1424; x_wconf 85' lang='grc' dir='ltr'>Ι</span> <span class='ocrx_word' id='word_1_90' title='bbox 871 1344 1052 1426; x_wconf 75' lang='grc' dir='ltr'><strong><em>ἡνίκα</em></strong></span> <span class='ocrx_word' id='word_1_91' title='bbox 1107 1344 1140 1407; x_wconf 91' lang='lat'><em>6</em></span> <span class='ocrx_word' id='word_1_92' title='bbox 1197 1348 1348 1420; x_wconf 73' lang='grc' dir='ltr'><strong><em>Ζεὺς</em></strong></span> <span class='ocrx_word' id='word_1_93' title='bbox 1412 1346 1810 1426; x_wconf 78' lang='grc' dir='ltr'><strong><em>διαιρεθείσης</em></strong></span> <span class='ocrx_word' id='word_1_94' title='bbox 1869 1346 2053 1408; x_wconf 76' lang='grc' dir='ltr'><strong><em>αὐτοῦ</em></strong></span> <span class='ocrx_word' id='word_1_95' title='bbox 2109 1354 2214 1426; x_wconf 79' lang='grc' dir='ltr'><strong><em>τῆς</em></strong></span> <span class='ocrx_word' id='word_1_96' title='bbox 2248 1363 2504 1422; x_wconf 52' lang='lat' dir='ltr'><strong><em>lunago</em></strong></span> 
     </span>
     <span class='ocr_line' id='line_1_13' title="bbox 276 1431 2303 1516; baseline 0 -21"><span class='ocrx_word' id='word_1_97' title='bbox 276 1441 538 1516; x_wconf 77' lang='grc' dir='ltr'><strong><em>κεφαλῆς</em></strong></span> <span class='ocrx_word' id='word_1_98' title='bbox 582 1433 703 1497; x_wconf 77' lang='grc' dir='ltr'><strong><em>ὑπὸ</em></strong></span> <span class='ocrx_word' id='word_1_99' title='bbox 748 1444 854 1499; x_wconf 77' lang='grc' dir='ltr'><strong><em>τοῦ</em></strong></span> <span class='ocrx_word' id='word_1_100' title='bbox 898 1434 1182 1510; x_wconf 78' lang='grc' dir='ltr'><strong><em>πελέκεως</em></strong></span> <span class='ocrx_word' id='word_1_101' title='bbox 1228 1445 1333 1499; x_wconf 87' lang='grc' dir='ltr'><strong><em>τοῦ</em></strong></span> <span class='ocrx_word' id='word_1_102' title='bbox 1370 1431 1705 1515; x_wconf 86' lang='grc' dir='ltr'><strong><em>Ἡφαίστου</em></strong></span> <span class='ocrx_word' id='word_1_103' title='bbox 1749 1432 2045 1497; x_wconf 82' lang='grc' dir='ltr'><strong><em>ἀνέδωκεν</em></strong></span> <span class='ocrx_word' id='word_1_104' title='bbox 2088 1432 2155 1496; x_wconf 87' lang='grc' dir='ltr'><strong><em>ἐκ</em></strong></span> <span class='ocrx_word' id='word_1_105' title='bbox 2198 1444 2303 1515; x_wconf 88' lang='grc' dir='ltr'><strong><em>τῆς</em></strong></span> 
     </span>
     <span class='ocr_line' id='line_1_14' title="bbox 274 1519 2304 1607; baseline -0 -21"><span class='ocrx_word' id='word_1_106' title='bbox 274 1533 550 1607; x_wconf 86' lang='grc' dir='ltr'><strong><em>κορυφῆς</em></strong></span> <span class='ocrx_word' id='word_1_107' title='bbox 605 1523 714 1603; x_wconf 78' lang='grc' dir='ltr'><strong><em>τὴν</em></strong></span> <span class='ocrx_word' id='word_1_108' title='bbox 759 1519 1056 1604; x_wconf 76' lang='grc' dir='ltr'><strong><em>Ἀθηνᾶν·</em></strong></span> <span class='ocrx_word' id='word_1_109' title='bbox 1111 1522 1152 1604; x_wconf 76' lang='grc' dir='ltr'><em>ἡ</em></span> <span class='ocrx_word' id='word_1_110' title='bbox 1208 1522 1273 1587; x_wconf 80' lang='grc' dir='ltr'><strong><em>δὲ</em></strong></span> <span class='ocrx_word' id='word_1_111' title='bbox 1328 1522 1705 1606; x_wconf 81' lang='grc' dir='ltr'><strong><em>ἀνορούσασα</em></strong></span> <span class='ocrx_word' id='word_1_112' title='bbox 1755 1523 1856 1585; x_wconf 84' lang='grc' dir='ltr'><strong><em>καὶ</em></strong></span> <span class='ocrx_word' id='word_1_113' title='bbox 1909 1522 2154 1603; x_wconf 77' lang='grc' dir='ltr'><strong><em>ἔκδηλος</em></strong></span> <span class='ocrx_word' id='word_1_114' title='bbox 2207 1546 2304 1605; x_wconf 76' lang='grc' dir='ltr'><strong><em>γε·</em></strong></span> 
     </span>
     <span class='ocr_line' id='line_1_15' title="bbox 277 1610 1001 1695; baseline 0.004 -22"><span class='ocrx_word' id='word_1_115' title='bbox 277 1611 502 1694; x_wconf 90' lang='grc' dir='ltr'><strong><em>νομένη</em></strong></span> <span class='ocrx_word' id='word_1_116' title='bbox 549 1611 696 1695; x_wconf 80' lang='grc' dir='ltr'><strong><em>μέγα</em></strong></span> <span class='ocrx_word' id='word_1_117' title='bbox 738 1610 1001 1694; x_wconf 87' lang='grc' dir='ltr'><strong><em>ἐβόησεν.</em></strong></span> 
     </span>
     <span class='ocr_line' id='line_1_16' title="bbox 197 1700 2362 1789; baseline -0.001 -22"><span class='ocrx_word' id='word_1_118' title='bbox 197 1726 250 1767; x_wconf 78' lang='lat'><strong><em>15</em></strong></span> <span class='ocrx_word' id='word_1_119' title='bbox 418 1704 497 1763; x_wconf 88' lang='grc'><strong><em>66</em></strong></span> <span class='ocrx_word' id='word_1_120' title='bbox 520 1723 572 1763; x_wconf 77' lang='lat' dir='ltr'><strong><em>a.</em></strong></span> <span class='ocrx_word' id='word_1_121' title='bbox 637 1703 1029 1789; x_wconf 75' lang='grc' dir='ltr'><strong><em>χαλκελάτῳ</em></strong></span> <span class='ocrx_word' id='word_1_122' title='bbox 1075 1700 1376 1764; x_wconf 66' lang='grc' dir='ltr'><strong><em>πελέκεις</em></strong></span> <span class='ocrx_word' id='word_1_123' title='bbox 1432 1701 1496 1764; x_wconf 91' lang='grc' dir='ltr'><strong><em>ἐν</em></strong></span> <span class='ocrx_word' id='word_1_124' title='bbox 1550 1708 1675 1776; x_wconf 80' lang='grc' dir='ltr'><strong><em>τοῖς</em></strong></span> <span class='ocrx_word' id='word_1_125' title='bbox 1721 1702 2050 1764; x_wconf 88' lang='grc' dir='ltr'><strong><em>Μουσαίου</em></strong></span> <span class='ocrx_word' id='word_1_126' title='bbox 2097 1704 2362 1764; x_wconf 59' lang='lat' dir='ltr'><strong><em>Halon-A</em></strong></span> 
     </span>
     <span class='ocr_line' id='line_1_17' title="bbox 279 1784 2303 1872; baseline 0 -21"><span class='ocrx_word' id='word_1_127' title='bbox 279 1790 448 1871; x_wconf 89' lang='grc' dir='ltr'><strong><em>μάων</em></strong></span> <span class='ocrx_word' id='word_1_128' title='bbox 493 1787 715 1872; x_wconf 74' lang='grc' dir='ltr'><strong><em>λέγεται</em></strong></span> <span class='ocrx_word' id='word_1_129' title='bbox 757 1793 975 1872; x_wconf 81' lang='grc' dir='ltr'><strong><em>πλῆξαι</em></strong></span> <span class='ocrx_word' id='word_1_130' title='bbox 1017 1800 1123 1855; x_wconf 78' lang='grc' dir='ltr'><strong><em>τοῦ</em></strong></span> <span class='ocrx_word' id='word_1_131' title='bbox 1159 1790 1306 1865; x_wconf 87' lang='grc' dir='ltr'><strong><em>Διὸς</em></strong></span> <span class='ocrx_word' id='word_1_132' title='bbox 1350 1790 1461 1871; x_wconf 83' lang='grc' dir='ltr'><strong><em>τὴν</em></strong></span> <span class='ocrx_word' id='word_1_133' title='bbox 1500 1790 1791 1871; x_wconf 82' lang='grc' dir='ltr'><strong><em>κεφαλὴν,</em></strong></span> <span class='ocrx_word' id='word_1_134' title='bbox 1837 1791 1931 1853; x_wconf 76' lang='grc' dir='ltr'><strong><em>ὅτε</em></strong></span> <span class='ocrx_word' id='word_1_135' title='bbox 1974 1790 2085 1869; x_wconf 82' lang='grc' dir='ltr'><strong><em>τὴν</em></strong></span> <span class='ocrx_word' id='word_1_136' title='bbox 2117 1784 2303 1869; x_wconf 81' lang='grc' dir='ltr'><strong><em>Ἀθη-</em></strong></span> 
     </span>
     <span class='ocr_line' id='line_1_18' title="bbox 277 1876 2303 1964; baseline 0 -23"><span class='ocrx_word' id='word_1_137' title='bbox 277 1888 394 1941; x_wconf 85' lang='grc' dir='ltr'><strong><em>νᾶν</em></strong></span> <span class='ocrx_word' id='word_1_138' title='bbox 438 1878 673 1962; x_wconf 76' lang='grc' dir='ltr'><strong><em>ἐγέννα·</em></strong></span> <span class='ocrx_word' id='word_1_139' title='bbox 726 1878 876 1944; x_wconf 76' lang='grc' dir='ltr'><strong><em>ἔνιοι</em></strong></span> <span class='ocrx_word' id='word_1_140' title='bbox 923 1877 986 1944; x_wconf 75' lang='grc' dir='ltr'><strong><em>δὲ</em></strong></span> <span class='ocrx_word' id='word_1_141' title='bbox 1041 1879 1143 1943; x_wconf 85' lang='grc' dir='ltr'><strong><em>τὸν</em></strong></span> <span class='ocrx_word' id='word_1_142' title='bbox 1188 1877 1525 1964; x_wconf 83' lang='grc' dir='ltr'><strong><em>Προμηθέα</em></strong></span> <span class='ocrx_word' id='word_1_143' title='bbox 1576 1880 1833 1964; x_wconf 80' lang='grc' dir='ltr'><strong><em>λέγουσι·</em></strong></span> <span class='ocrx_word' id='word_1_144' title='bbox 1892 1880 2191 1962; x_wconf 87' lang='grc' dir='ltr'><strong><em>Σωσίβιος</em></strong></span> <span class='ocrx_word' id='word_1_145' title='bbox 2239 1876 2303 1941; x_wconf 79' lang='grc' dir='ltr'><strong><em>δὲ</em></strong></span> 
     </span>
     <span class='ocr_line' id='line_1_19' title="bbox 269 1964 2305 2052; baseline 0.001 -23"><span class='ocrx_word' id='word_1_146' title='bbox 269 1965 501 2049; x_wconf 87' lang='grc' dir='ltr'><strong><em>Ἑρμῆν</em></strong></span> <span class='ocrx_word' id='word_1_147' title='bbox 548 1987 720 2048; x_wconf 92' lang='grc' dir='ltr'><strong><em>φησι·</em></strong></span> <span class='ocrx_word' id='word_1_148' title='bbox 766 1964 1140 2051; x_wconf 84' lang='grc' dir='ltr'><strong><em>Ἀριστοκλῆς</em></strong></span> <span class='ocrx_word' id='word_1_149' title='bbox 1185 1967 1249 2031; x_wconf 82' lang='grc' dir='ltr'><strong><em>δὲ</em></strong></span> <span class='ocrx_word' id='word_1_150' title='bbox 1292 1968 1465 2048; x_wconf 85' lang='grc' dir='ltr'><strong><em>νέφει</em></strong></span> <span class='ocrx_word' id='word_1_151' title='bbox 1498 1971 1953 2052; x_wconf 78' lang='grc' dir='ltr'><strong><em>συγκεκρύφθαι</em></strong></span> <span class='ocrx_word' id='word_1_152' title='bbox 1985 1968 2097 2049; x_wconf 82' lang='grc' dir='ltr'><strong><em>τὴν</em></strong></span> <span class='ocrx_word' id='word_1_153' title='bbox 2133 1969 2305 2048; x_wconf 82' lang='grc' dir='ltr'><strong><em>θεὸν,</em></strong></span> 
     </span>
     <span class='ocr_line' id='line_1_20' title="bbox 279 2055 2004 2141; baseline 0.001 -23"><span class='ocrx_word' id='word_1_154' title='bbox 279 2056 382 2120; x_wconf 83' lang='grc' dir='ltr'><strong><em>τὸν</em></strong></span> <span class='ocrx_word' id='word_1_155' title='bbox 429 2055 492 2119; x_wconf 81' lang='grc' dir='ltr'><strong><em>δὲ</em></strong></span> <span class='ocrx_word' id='word_1_156' title='bbox 537 2058 657 2119; x_wconf 89' lang='grc' dir='ltr'><strong><em>Δία</em></strong></span> <span class='ocrx_word' id='word_1_157' title='bbox 699 2059 998 2139; x_wconf 79' lang='grc' dir='ltr'><strong><em>πλήξαντα</em></strong></span> <span class='ocrx_word' id='word_1_158' title='bbox 1041 2058 1107 2121; x_wconf 83' lang='grc' dir='ltr'><strong><em>τὸ</em></strong></span> <span class='ocrx_word' id='word_1_159' title='bbox 1152 2057 1338 2136; x_wconf 90' lang='grc' dir='ltr'><strong><em>νέφος</em></strong></span> <span class='ocrx_word' id='word_1_160' title='bbox 1382 2057 1641 2141; x_wconf 78' lang='grc' dir='ltr'><strong><em>ἐκφῆναι</em></strong></span> <span class='ocrx_word' id='word_1_161' title='bbox 1682 2057 1793 2138; x_wconf 83' lang='grc' dir='ltr'><strong><em>τὴν</em></strong></span> <span class='ocrx_word' id='word_1_162' title='bbox 1837 2058 2004 2120; x_wconf 78' lang='grc' dir='ltr'><strong><em>θεόν.</em></strong></span> 
     </span>
     <span class='ocr_line' id='line_1_21' title="bbox 197 2144 2516 2235; baseline -0.001 -22"><span class='ocrx_word' id='word_1_163' title='bbox 197 2172 252 2213; x_wconf 68' lang='lat' dir='ltr'><strong><em>zo</em></strong></span> <span class='ocrx_word' id='word_1_164' title='bbox 417 2148 498 2207; x_wconf 88' lang='grc'><strong><em>66</em></strong></span> <span class='ocrx_word' id='word_1_165' title='bbox 519 2146 575 2207; x_wconf 89' lang='lat' dir='ltr'><strong><em>b.</em></strong></span> <span class='ocrx_word' id='word_1_166' title='bbox 639 2149 1030 2235; x_wconf 77' lang='grc' dir='ltr'><strong><em>χαλκελάτῳ</em></strong></span> <span class='ocrx_word' id='word_1_167' title='bbox 1065 2146 1368 2210; x_wconf 72' lang='grc' dir='ltr'><strong><em>πελέκειε</em></strong></span> <span class='ocrx_word' id='word_1_168' title='bbox 1404 2149 1467 2210; x_wconf 76' lang='grc' dir='ltr'><strong><em>οἱ</em></strong></span> <span class='ocrx_word' id='word_1_169' title='bbox 1496 2145 1604 2229; x_wconf 79' lang='grc' dir='ltr'><strong><em>μὲν</em></strong></span> <span class='ocrx_word' id='word_1_170' title='bbox 1638 2148 2007 2227; x_wconf 86' lang='grc' dir='ltr'><strong><em>Παλαμάονα</em></strong></span> <span class='ocrx_word' id='word_1_171' title='bbox 2040 2144 2277 2228; x_wconf 77' lang='grc' dir='ltr'><strong><em>λέγουσι</em></strong></span> <span class='ocrx_word' id='word_1_172' title='bbox 2303 2166 2516 2223; x_wconf 70' lang='lat' dir='ltr'>coeno</span> 
     </span>
     <span class='ocr_line' id='line_1_22' title="bbox 279 2229 2305 2318; baseline 0 -22"><span class='ocrx_word' id='word_1_173' title='bbox 279 2235 454 2317; x_wconf 77' lang='grc' dir='ltr'><strong><em>ῥῆξαι</em></strong></span> <span class='ocrx_word' id='word_1_174' title='bbox 498 2234 610 2315; x_wconf 79' lang='grc' dir='ltr'><strong><em>τὴν</em></strong></span> <span class='ocrx_word' id='word_1_175' title='bbox 661 2245 767 2300; x_wconf 78' lang='grc' dir='ltr'><strong><em>τοῦ</em></strong></span> <span class='ocrx_word' id='word_1_176' title='bbox 813 2236 961 2310; x_wconf 85' lang='grc' dir='ltr'><strong><em>Διὸς</em></strong></span> <span class='ocrx_word' id='word_1_177' title='bbox 1013 2236 1280 2317; x_wconf 83' lang='grc' dir='ltr'><strong><em>κεφαλὴν</em></strong></span> <span class='ocrx_word' id='word_1_178' title='bbox 1341 2236 1433 2298; x_wconf 77' lang='grc' dir='ltr'><strong><em>ὅτε</em></strong></span> <span class='ocrx_word' id='word_1_179' title='bbox 1481 2229 1715 2316; x_wconf 80' lang='grc' dir='ltr'><strong><em>Ἀθηνᾶ</em></strong></span> <span class='ocrx_word' id='word_1_180' title='bbox 1767 2234 2065 2318; x_wconf 84' lang='grc' dir='ltr'><strong><em>ἐγεννᾶτο·</em></strong></span> <span class='ocrx_word' id='word_1_181' title='bbox 2127 2235 2192 2297; x_wconf 78' lang='grc' dir='ltr'><strong><em>οἱ</em></strong></span> <span class='ocrx_word' id='word_1_182' title='bbox 2241 2232 2305 2296; x_wconf 81' lang='grc' dir='ltr'><strong><em>δὲ</em></strong></span> 
     </span>
     <span class='ocr_line' id='line_1_23' title="bbox 270 2319 2303 2407; baseline 0 -23"><span class='ocrx_word' id='word_1_183' title='bbox 270 2321 522 2405; x_wconf 84' lang='grc' dir='ltr'><strong><em>Ἑρμῆν·</em></strong></span> <span class='ocrx_word' id='word_1_184' title='bbox 600 2325 664 2385; x_wconf 78' lang='grc' dir='ltr'><strong><em>οἱ</em></strong></span> <span class='ocrx_word' id='word_1_185' title='bbox 720 2323 785 2386; x_wconf 82' lang='grc' dir='ltr'><strong><em>δὲ</em></strong></span> <span class='ocrx_word' id='word_1_186' title='bbox 836 2323 1192 2407; x_wconf 83' lang='grc' dir='ltr'><strong><em>Προμηθέα·</em></strong></span> <span class='ocrx_word' id='word_1_187' title='bbox 1262 2319 1635 2407; x_wconf 82' lang='grc' dir='ltr'><strong><em>Ἀριστοκλῆς</em></strong></span> <span class='ocrx_word' id='word_1_188' title='bbox 1698 2322 1764 2386; x_wconf 77' lang='grc' dir='ltr'><strong><em>δὲ</em></strong></span> <span class='ocrx_word' id='word_1_189' title='bbox 1826 2324 2144 2403; x_wconf 80' lang='grc' dir='ltr'><strong><em>ὑφίσταται</em></strong></span> <span class='ocrx_word' id='word_1_190' title='bbox 2192 2322 2303 2403; x_wconf 80' lang='grc' dir='ltr'><strong><em>τὴν</em></strong></span> 
     </span>
    </p>
   </div>
   <div class='ocr_carea' id='block_1_5' title="bbox 279 2473 708 2482">
    <p class='ocr_par' dir='ltr' id='par_1_5' title="bbox 279 2473 708 2482">
     <span class='ocr_line' id='line_1_24' title="bbox 279 2473 708 2482; baseline 0 1400"><span class='ocrx_word' id='word_1_191' title='bbox 279 2473 708 2482; x_wconf 95' lang='lat' dir='ltr'><strong><em> </em></strong></span> 
     </span>
    </p>
   </div>
   <div class='ocr_carea' id='block_1_6' title="bbox 426 2565 2034 2640">
    <p class='ocr_par' dir='ltr' id='par_1_6' title="bbox 426 2565 2034 2640">
     <span class='ocr_line' id='line_1_25' title="bbox 426 2565 2034 2640; baseline 0 -21"><span class='ocrx_word' id='word_1_192' title='bbox 426 2571 492 2620; x_wconf 79' lang='lat'><strong><em>15</em></strong></span> <span class='ocrx_word' id='word_1_193' title='bbox 528 2565 838 2621; x_wconf 81' lang='lat' dir='ltr'><strong>Philodem.</strong></span> <span class='ocrx_word' id='word_1_194' title='bbox 877 2567 1005 2636; x_wconf 78' lang='grc' dir='ltr'><strong><em>περὶ</em></strong></span> <span class='ocrx_word' id='word_1_195' title='bbox 1041 2567 1218 2640; x_wconf 76' lang='grc' dir='ltr'><strong><em>εὐσεβ.</em></strong></span> <span class='ocrx_word' id='word_1_196' title='bbox 1249 2571 1315 2621; x_wconf 82' lang='grc'><strong><em>59</em></strong></span> <span class='ocrx_word' id='word_1_197' title='bbox 1465 2572 1528 2620; x_wconf 82' lang='grc'><strong><em>17</em></strong></span> <span class='ocrx_word' id='word_1_198' title='bbox 1568 2566 1828 2638; x_wconf 84' lang='lat' dir='ltr'><strong>Apollod.</strong></span> <span class='ocrx_word' id='word_1_199' title='bbox 1863 2574 1909 2633; x_wconf 85' lang='lat'><strong><em>1,</em></strong></span> <span class='ocrx_word' id='word_1_200' title='bbox 1931 2571 1981 2634; x_wconf 81' lang='lat'><strong><em>3,</em></strong></span> <span class='ocrx_word' id='word_1_201' title='bbox 2003 2571 2034 2620; x_wconf 89' lang='grc'><strong>6</strong></span> 
     </span>
    </p>
   </div>
   <div class='ocr_carea' id='block_1_7' title="bbox 279 2723 707 2732">
    <p class='ocr_par' dir='ltr' id='par_1_7' title="bbox 279 2723 707 2732">
     <span class='ocr_line' id='line_1_26' title="bbox 279 2723 707 2732; baseline 0 1150"><span class='ocrx_word' id='word_1_202' title='bbox 279 2723 707 2732; x_wconf 95' lang='lat' dir='ltr'><strong><em> </em></strong></span> 
     </span>
    </p>
   </div>
   <div class='ocr_carea' id='block_1_8' title="bbox 276 2812 2307 3669">
    <p class='ocr_par' dir='ltr' id='par_1_8' title="bbox 276 2812 2307 3669">
     <span class='ocr_line' id='line_1_27' title="bbox 424 2812 2305 2888; baseline 0.002 -20"><span class='ocrx_word' id='word_1_203' title='bbox 424 2821 457 2868; x_wconf 79' lang='grc'><strong>8</strong></span> <span class='ocrx_word' id='word_1_204' title='bbox 496 2831 598 2884; x_wconf 90' lang='grc' dir='ltr'><strong><em>σφι</em></strong></span> <span class='ocrx_word' id='word_1_205' title='bbox 626 2813 667 2870; x_wconf 82' lang='grc'><strong><em>0.</em></strong></span> <span class='ocrx_word' id='word_1_206' title='bbox 826 2821 861 2868; x_wconf 82' lang='grc'>4</span> <span class='ocrx_word' id='word_1_207' title='bbox 898 2812 981 2870; x_wconf 81' lang='grc' dir='ltr'><strong><em>ὅτι</em></strong></span> <span class='ocrx_word' id='word_1_208' title='bbox 1012 2817 1071 2871; x_wconf 77' lang='lat' dir='ltr'><strong><em>E:</em></strong></span> <span class='ocrx_word' id='word_1_209' title='bbox 1113 2813 1197 2872; x_wconf 84' lang='grc' dir='ltr'><strong><em>ὅτι</em></strong></span> <span class='ocrx_word' id='word_1_210' title='bbox 1233 2815 1264 2871; x_wconf 98' lang='lat'><em>6</em></span> <span class='ocrx_word' id='word_1_211' title='bbox 1298 2817 1437 2878; x_wconf 73' lang='grc' dir='ltr'><strong><em>Ζεὺς</em></strong></span> <span class='ocrx_word' id='word_1_212' title='bbox 1465 2816 1506 2873; x_wconf 82' lang='grc'><strong><em>0.</em></strong></span> <span class='ocrx_word' id='word_1_213' title='bbox 1677 2821 1708 2871; x_wconf 85' lang='grc'><strong>6</strong></span> <span class='ocrx_word' id='word_1_214' title='bbox 1748 2815 2167 2887; x_wconf 59' lang='grc' dir='ltr'><strong><em>ἄλλωςρταθῑιι.</em></strong></span> <span class='ocrx_word' id='word_1_215' title='bbox 2209 2815 2250 2872; x_wconf 82' lang='grc'><strong><em>0.</em></strong></span> <span class='ocrx_word' id='word_1_216' title='bbox 2285 2815 2305 2888; x_wconf 86' lang='grc' dir='ltr'><strong><em>ΙΙ</em></strong></span> 
     </span>
     <span class='ocr_line' id='line_1_28' title="bbox 277 2885 2305 2958; baseline -0 -16"><span class='ocrx_word' id='word_1_217' title='bbox 277 2885 568 2958; x_wconf 81' lang='grc' dir='ltr'><strong><em>χρυσέαισι</em></strong></span> <span class='ocrx_word' id='word_1_218' title='bbox 605 2887 696 2942; x_wconf 76' lang='lat' dir='ltr'><strong><em>Bu</em></strong></span> <span class='ocrx_word' id='word_1_219' title='bbox 869 2890 899 2939; x_wconf 78' lang='lat'>⁷</span> <span class='ocrx_word' id='word_1_220' title='bbox 947 2885 1172 2957; x_wconf 69' lang='grc' dir='ltr'><strong><em>εἴληφεν</em></strong></span> <span class='ocrx_word' id='word_1_221' title='bbox 1208 2886 1239 2942; x_wconf 96' lang='lat'><em>6</em></span> <span class='ocrx_word' id='word_1_222' title='bbox 1302 2885 1475 2944; x_wconf 71' lang='grc' dir='ltr'><strong><em>είλετο</em></strong></span> <span class='ocrx_word' id='word_1_223' title='bbox 1514 2889 1551 2943; x_wconf 87' lang='grc' dir='ltr'>Ε</span> <span class='ocrx_word' id='word_1_224' title='bbox 1712 2892 1747 2942; x_wconf 83' lang='grc'><strong>8</strong></span> <span class='ocrx_word' id='word_1_225' title='bbox 1792 2904 1896 2957; x_wconf 87' lang='grc' dir='ltr'><strong><em>σφι</em></strong></span> <span class='ocrx_word' id='word_1_226' title='bbox 1934 2890 2026 2944; x_wconf 76' lang='lat' dir='ltr'><strong><em>Bo</em></strong></span> <span class='ocrx_word' id='word_1_227' title='bbox 2072 2891 2091 2958; x_wconf 82' lang='grc' dir='ltr'><strong><em>ΙΙ</em></strong></span> <span class='ocrx_word' id='word_1_228' title='bbox 2134 2891 2305 2943; x_wconf 81' lang='grc' dir='ltr'><strong><em>πλοῦ-</em></strong></span> 
     </span>
     <span class='ocr_line' id='line_1_29' title="bbox 276 2953 2304 3031; baseline 0.001 -19"><span class='ocrx_word' id='word_1_229' title='bbox 276 2978 380 3014; x_wconf 85' lang='grc' dir='ltr'><strong><em>τον</em></strong></span> <span class='ocrx_word' id='word_1_230' title='bbox 397 2989 468 2999; x_wconf 93' lang='grc'>-</span> <span class='ocrx_word' id='word_1_231' title='bbox 486 2953 749 3026; x_wconf 86' lang='grc' dir='ltr'><strong><em>Κρονίων</em></strong></span> <span class='ocrx_word' id='word_1_232' title='bbox 783 2974 887 3011; x_wconf 91' lang='lat' dir='ltr'><strong><em>om.</em></strong></span> <span class='ocrx_word' id='word_1_233' title='bbox 920 2959 957 3014; x_wconf 81' lang='grc' dir='ltr'><strong><em>Ι)</em></strong></span> <span class='ocrx_word' id='word_1_234' title='bbox 1103 2964 1135 3012; x_wconf 82' lang='grc'>9</span> <span class='ocrx_word' id='word_1_235' title='bbox 1171 2958 1208 3012; x_wconf 91' lang='grc'><strong><em>1.</em></strong></span> <span class='ocrx_word' id='word_1_236' title='bbox 1279 2959 1369 3015; x_wconf 77' lang='lat' dir='ltr'><strong><em>ab.</em></strong></span> <span class='ocrx_word' id='word_1_237' title='bbox 1399 2961 1457 3013; x_wconf 69' lang='lat' dir='ltr'><strong><em>et</em></strong></span> <span class='ocrx_word' id='word_1_238' title='bbox 1484 2960 1527 3014; x_wconf 89' lang='grc' dir='ltr'><strong>Α</strong></span> <span class='ocrx_word' id='word_1_239' title='bbox 1553 2961 1573 3028; x_wconf 71' lang='grc' dir='ltr'><strong><em>ΙΙ</em></strong></span> <span class='ocrx_word' id='word_1_240' title='bbox 1600 2955 1755 3013; x_wconf 77' lang='grc' dir='ltr'><strong><em>ἁνίκ’</em></strong></span> <span class='ocrx_word' id='word_1_241' title='bbox 1779 2960 1872 3014; x_wconf 87' lang='grc' dir='ltr'><strong><em>ΑΕ</em></strong></span> <span class='ocrx_word' id='word_1_242' title='bbox 1898 2961 1917 3028; x_wconf 85' lang='grc' dir='ltr'><strong><em>ΙΙ</em></strong></span> <span class='ocrx_word' id='word_1_243' title='bbox 1942 2958 2242 3031; x_wconf 86' lang='grc' dir='ltr'><strong><em>τέχναι[σι]</em></strong></span> <span class='ocrx_word' id='word_1_244' title='bbox 2264 2960 2304 3014; x_wconf 86' lang='grc' dir='ltr'><strong>Β</strong></span> 
     </span>
     <span class='ocr_line' id='line_1_30' title="bbox 277 3025 2303 3103; baseline 0 -19"><span class='ocrx_word' id='word_1_245' title='bbox 277 3029 505 3103; x_wconf 79' lang='grc' dir='ltr'><strong><em>τέχναις</em></strong></span> <span class='ocrx_word' id='word_1_246' title='bbox 542 3029 604 3083; x_wconf 74' lang='grc' dir='ltr'><strong><em>Εε</em></strong></span> <span class='ocrx_word' id='word_1_247' title='bbox 645 3045 752 3083; x_wconf 87' lang='lat' dir='ltr'><strong><em>om.</em></strong></span> <span class='ocrx_word' id='word_1_248' title='bbox 790 3027 989 3085; x_wconf 74' lang='grc' dir='ltr'>Αθῦθ.</span> <span class='ocrx_word' id='word_1_249' title='bbox 1150 3034 1217 3083; x_wconf 91' lang='grc'><strong><em>10</em></strong></span> <span class='ocrx_word' id='word_1_250' title='bbox 1269 3031 1430 3102; x_wconf 77' lang='grc' dir='ltr'><strong><em>Ζεὺς]</em></strong></span> <span class='ocrx_word' id='word_1_251' title='bbox 1468 3028 1499 3084; x_wconf 96' lang='lat'><em>6</em></span> <span class='ocrx_word' id='word_1_252' title='bbox 1543 3033 1601 3084; x_wconf 90' lang='grc' dir='ltr'><strong><em>Ζ.</em></strong></span> <span class='ocrx_word' id='word_1_253' title='bbox 1642 3032 1725 3086; x_wconf 74' lang='lat' dir='ltr'><strong><em>BV</em></strong></span> <span class='ocrx_word' id='word_1_254' title='bbox 1768 3031 1788 3099; x_wconf 85' lang='grc' dir='ltr'><strong><em>ΙΙ</em></strong></span> <span class='ocrx_word' id='word_1_255' title='bbox 1832 3025 1950 3100; x_wconf 82' lang='grc' dir='ltr'><strong><em>ὗσε]</em></strong></span> <span class='ocrx_word' id='word_1_256' title='bbox 1993 3027 2050 3086; x_wconf 78' lang='grc' dir='ltr'><strong><em>οἳ</em></strong></span> <span class='ocrx_word' id='word_1_257' title='bbox 2085 3029 2223 3100; x_wconf 60' lang='lat' dir='ltr'><strong><em>am)</em></strong></span> <span class='ocrx_word' id='word_1_258' title='bbox 2266 3031 2303 3084; x_wconf 83' lang='lat' dir='ltr'><strong>D</strong></span> 
     </span>
     <span class='ocr_line' id='line_1_31' title="bbox 280 3098 2305 3242; baseline -0.001 -16"><span class='ocrx_word' id='word_1_259' title='bbox 280 3099 647 3226; x_wconf 44' lang='grc' dir='ltr'><strong><em>ῗξυζτὸωεῖε</em></strong></span> <span class='ocrx_word' id='word_1_260' title='bbox 684 3098 1018 3240; x_wconf 60' lang='grc' dir='ltr'><strong><em>ξτὸΒΘΑΟῙΙῗ)τοῦ</em></strong></span> <span class='ocrx_word' id='word_1_261' title='bbox 1055 3106 1182 3242; x_wconf 48' lang='grc' dir='ltr'><strong><em>(ἐξ)</em></strong></span> <span class='ocrx_word' id='word_1_262' title='bbox 1203 3098 1449 3228; x_wconf 41' lang='grc' dir='ltr'><strong><em>ὅξιζῖῗῦ</em></strong></span> <span class='ocrx_word' id='word_1_263' title='bbox 1470 3099 2028 3242; x_wconf 50' lang='grc' dir='ltr'><strong><em>ἵξεὲέιῗυῗςκρέῗῗῗῃ</em></strong></span> <span class='ocrx_word' id='word_1_264' title='bbox 2002 3102 2305 3240; x_wconf 49' lang='grc' dir='ltr'><strong><em>1ἧφῗιίστου</em></strong></span> 
     </span>
     <span class='ocr_line' id='line_1_32' title="bbox 281 3239 2305 3314; baseline -0.001 -16"><span class='ocrx_word' id='word_1_265' title='bbox 281 3244 452 3299; x_wconf 67' lang='grc' dir='ltr'><strong><em>ΑΒνε</em></strong></span> <span class='ocrx_word' id='word_1_266' title='bbox 483 3239 993 3310; x_wconf 76' lang='grc' dir='ltr'><strong><em>ἹΙφαιστοτεύκτου</em></strong></span> <span class='ocrx_word' id='word_1_267' title='bbox 1173 3249 1240 3296; x_wconf 79' lang='grc'><strong><em>13</em></strong></span> <span class='ocrx_word' id='word_1_268' title='bbox 1284 3246 1531 3314; x_wconf 78' lang='grc' dir='ltr'><strong><em>κεφαλῆς</em></strong></span> <span class='ocrx_word' id='word_1_269' title='bbox 1567 3245 1610 3299; x_wconf 89' lang='grc' dir='ltr'><strong>Α</strong></span> <span class='ocrx_word' id='word_1_270' title='bbox 1629 3245 1666 3299; x_wconf 87' lang='grc' dir='ltr'>Ε</span> <span class='ocrx_word' id='word_1_271' title='bbox 1708 3245 1729 3313; x_wconf 79' lang='grc' dir='ltr'><strong><em>ΙΙ</em></strong></span> <span class='ocrx_word' id='word_1_272' title='bbox 1771 3242 1808 3313; x_wconf 78' lang='grc' dir='ltr'><em>ἡ</em></span> <span class='ocrx_word' id='word_1_273' title='bbox 1846 3242 1910 3300; x_wconf 77' lang='grc' dir='ltr'><strong><em>δὲ</em></strong></span> <span class='ocrx_word' id='word_1_274' title='bbox 1946 3243 2305 3311; x_wconf 74' lang='grc' dir='ltr'><strong><em>ἀνορούσασα</em></strong></span> 
     </span>
     <span class='ocr_line' id='line_1_33' title="bbox 282 3309 2307 3402; baseline -0.001 -34"><span class='ocrx_word' id='word_1_275' title='bbox 282 3331 392 3368; x_wconf 88' lang='lat' dir='ltr'><strong><em>om.</em></strong></span> <span class='ocrx_word' id='word_1_276' title='bbox 431 3311 522 3368; x_wconf 77' lang='lat'><strong><em>00</em></strong></span> <span class='ocrx_word' id='word_1_277' title='bbox 671 3317 739 3366; x_wconf 85' lang='lat'><strong><em>14</em></strong></span> <span class='ocrx_word' id='word_1_278' title='bbox 769 3309 914 3402; x_wconf 77' lang='grc' dir='ltr'><strong><em>μέγα</em></strong></span> <span class='ocrx_word' id='word_1_279' title='bbox 950 3313 1070 3368; x_wconf 72' lang='lat' dir='ltr'><strong><em>Ac:</em></strong></span> <span class='ocrx_word' id='word_1_280' title='bbox 1107 3313 1363 3382; x_wconf 77' lang='grc' dir='ltr'><strong><em>μέγιστον</em></strong></span> <span class='ocrx_word' id='word_1_281' title='bbox 1398 3317 1417 3384; x_wconf 71' lang='grc' dir='ltr'><strong><em>ΙΙ</em></strong></span> <span class='ocrx_word' id='word_1_282' title='bbox 1452 3311 1759 3386; x_wconf 84' lang='grc' dir='ltr'><strong><em>ἀνεβόησεν</em></strong></span> <span class='ocrx_word' id='word_1_283' title='bbox 1798 3314 1839 3371; x_wconf 82' lang='grc'><strong><em>0.</em></strong></span> <span class='ocrx_word' id='word_1_284' title='bbox 1984 3319 2051 3366; x_wconf 83' lang='lat'><strong><em>15</em></strong></span> <span class='ocrx_word' id='word_1_285' title='bbox 2090 3313 2151 3368; x_wconf 91' lang='grc' dir='ltr'><strong><em>ἐν</em></strong></span> <span class='ocrx_word' id='word_1_286' title='bbox 2186 3321 2307 3373; x_wconf 80' lang='grc' dir='ltr'><strong><em>τοῖς</em></strong></span> 
     </span>
     <span class='ocr_line' id='line_1_34' title="bbox 280 3380 2302 3455; baseline -0.001 -17"><span class='ocrx_word' id='word_1_287' title='bbox 280 3380 613 3455; x_wconf 82' lang='grc' dir='ltr'><strong><em>Μουσαίου]</em></strong></span> <span class='ocrx_word' id='word_1_288' title='bbox 649 3402 795 3437; x_wconf 85' lang='grc' dir='ltr'><strong><em>κατα</em></strong></span> <span class='ocrx_word' id='word_1_289' title='bbox 829 3383 927 3438; x_wconf 86' lang='grc' dir='ltr'><strong><em>τὸν</em></strong></span> <span class='ocrx_word' id='word_1_290' title='bbox 965 3383 1263 3453; x_wconf 74' lang='grc' dir='ltr'><strong><em>Εὔμολπον</em></strong></span> <span class='ocrx_word' id='word_1_291' title='bbox 1297 3384 1555 3440; x_wconf 76' lang='lat' dir='ltr'><strong>Philod.?</strong></span> <span class='ocrx_word' id='word_1_292' title='bbox 1736 3389 1802 3439; x_wconf 87' lang='lat'><strong><em>18</em></strong></span> <span class='ocrx_word' id='word_1_293' title='bbox 1834 3382 2229 3452; x_wconf 72' lang='grc' dir='ltr'><strong><em>Ἀριστοτέληςι</em></strong></span> <span class='ocrx_word' id='word_1_294' title='bbox 2271 3382 2302 3435; x_wconf 86' lang='lat' dir='ltr'>b</span> 
     </span>
     <span class='ocr_line' id='line_1_35' title="bbox 281 3450 2303 3538; baseline -0.002 -28"><span class='ocrx_word' id='word_1_295' title='bbox 281 3473 353 3510; x_wconf 83' lang='lat' dir='ltr'><strong><em>ex</em></strong></span> <span class='ocrx_word' id='word_1_296' title='bbox 379 3456 418 3510; x_wconf 76' lang='lat' dir='ltr'>V</span> <span class='ocrx_word' id='word_1_297' title='bbox 446 3456 466 3524; x_wconf 81' lang='grc' dir='ltr'><strong><em>ΙΙ</em></strong></span> <span class='ocrx_word' id='word_1_298' title='bbox 493 3457 968 3523; x_wconf 70' lang='grc' dir='ltr'><strong><em>συγκεκροῦσθαιε</em></strong></span> <span class='ocrx_word' id='word_1_299' title='bbox 999 3457 1036 3510; x_wconf 83' lang='lat' dir='ltr'>V</span> <span class='ocrx_word' id='word_1_300' title='bbox 1064 3458 1084 3525; x_wconf 91' lang='grc' dir='ltr'><strong><em>ΙΙ</em></strong></span> <span class='ocrx_word' id='word_1_301' title='bbox 1108 3455 1210 3524; x_wconf 84' lang='grc' dir='ltr'><strong><em>τὴν</em></strong></span> <span class='ocrx_word' id='word_1_302' title='bbox 1241 3458 1272 3510; x_wconf 77' lang='lat' dir='ltr'>h</span> <span class='ocrx_word' id='word_1_303' title='bbox 1310 3472 1379 3510; x_wconf 81' lang='lat' dir='ltr'><strong><em>ex</em></strong></span> <span class='ocrx_word' id='word_1_304' title='bbox 1406 3459 1470 3510; x_wconf 80' lang='lat' dir='ltr'><strong><em>V:</em></strong></span> <span class='ocrx_word' id='word_1_305' title='bbox 1497 3457 1597 3511; x_wconf 87' lang='grc' dir='ltr'><strong><em>τὸν</em></strong></span> <span class='ocrx_word' id='word_1_306' title='bbox 1721 3462 1790 3510; x_wconf 77' lang='grc'><strong><em>20</em></strong></span> <span class='ocrx_word' id='word_1_307' title='bbox 1826 3453 2148 3527; x_wconf 77' lang='grc' dir='ltr'><strong><em>χαλκηλάτῳ</em></strong></span> <span class='ocrx_word' id='word_1_308' title='bbox 2179 3450 2303 3538; x_wconf 47' lang='grc' dir='ltr'>ῠΕΙΙΙ</span> 
     </span>
     <span class='ocr_line' id='line_1_36' title="bbox 279 3519 2303 3598; baseline -0.004 -16"><span class='ocrx_word' id='word_1_309' title='bbox 279 3523 639 3594; x_wconf 86' lang='grc' dir='ltr'><strong><em>Παλαμάονα</em></strong></span> <span class='ocrx_word' id='word_1_310' title='bbox 679 3525 838 3580; x_wconf 73' lang='grc' dir='ltr'><strong><em>Ηῦνι</em></strong></span> <span class='ocrx_word' id='word_1_311' title='bbox 885 3524 1259 3598; x_wconf 82' lang='grc' dir='ltr'><strong><em>Παλαμαίονα</em></strong></span> <span class='ocrx_word' id='word_1_312' title='bbox 1295 3527 1441 3585; x_wconf 77' lang='grc'><strong>000.</strong></span> <span class='ocrx_word' id='word_1_313' title='bbox 1492 3524 1837 3596; x_wconf 87' lang='grc' dir='ltr'><strong><em>Παλαμαίνα</em></strong></span> <span class='ocrx_word' id='word_1_314' title='bbox 1877 3527 1914 3581; x_wconf 87' lang='grc' dir='ltr'>Ε</span> <span class='ocrx_word' id='word_1_315' title='bbox 2076 3529 2142 3575; x_wconf 77' lang='grc'><strong><em>22</em></strong></span> <span class='ocrx_word' id='word_1_316' title='bbox 2170 3519 2303 3586; x_wconf 77' lang='grc' dir='ltr'><strong><em>Ἄρι-</em></strong></span> 
     </span>
     <span class='ocr_line' id='line_1_37' title="bbox 281 3594 1688 3669; baseline 0.001 -18"><span class='ocrx_word' id='word_1_317' title='bbox 281 3614 525 3668; x_wconf 78' lang='grc' dir='ltr'><strong><em>σταρχος</em></strong></span> <span class='ocrx_word' id='word_1_318' title='bbox 557 3609 591 3649; x_wconf 80' lang='lat' dir='ltr'>v</span> <span class='ocrx_word' id='word_1_319' title='bbox 635 3595 656 3664; x_wconf 91' lang='grc' dir='ltr'><strong><em>ΙΙ</em></strong></span> <span class='ocrx_word' id='word_1_320' title='bbox 701 3594 764 3650; x_wconf 77' lang='grc' dir='ltr'><strong><em>δὲ</em></strong></span> <span class='ocrx_word' id='word_1_321' title='bbox 801 3596 942 3668; x_wconf 75' lang='lat' dir='ltr'><strong>(alt.)</strong></span> <span class='ocrx_word' id='word_1_322' title='bbox 982 3599 1149 3654; x_wconf 73' lang='lat' dir='ltr'><strong><em>BER:</em></strong></span> <span class='ocrx_word' id='word_1_323' title='bbox 1188 3597 1255 3653; x_wconf 86' lang='grc' dir='ltr'><strong><em>δέ</em></strong></span> <span class='ocrx_word' id='word_1_324' title='bbox 1288 3616 1463 3669; x_wconf 84' lang='grc' dir='ltr'><strong><em>φησιν</em></strong></span> <span class='ocrx_word' id='word_1_325' title='bbox 1501 3597 1688 3656; x_wconf 77' lang='lat' dir='ltr'>ssssuv</span> 
     </span>
    </p>
   </div>
  </div>
 </body>
</html>
