2646 3882
946 179 1163 250 Olymp.
1194 180 1271 235 IX
1308 184 1607 235 150--158
2155 180 2286 245 303

403 349 602 411 15611.
661 345 834 410 ἄνευ
874 345 946 409 δὲ
975 354 1153 409 θεοῦ
1196 345 1668 429 σεσιγαμένον
1697 348 1780 411 οὐ
1817 352 2262 433 σκαιότερονε
2291 365 2500 423 aeneo

260 438 327 511 τὸ
372 436 520 501 ἄνευ
564 444 716 499 θεοῦ
757 436 1075 517 γινόμενον
1122 436 1195 499 οὐ
1237 436 1600 519 σκαιότερόν,
1647 454 1855 518 φησιν,
1901 435 2029 502 ἀλλ’
2067 440 2134 504 έκ
2170 450 2289 504 τῶν

262 527 551 589 ἐναντίων
613 525 874 606 βέλτιον,
937 525 1340 605 σιωπώμενον.
1493 546 1542 587 e.
1599 520 1731 588 οἷον
1791 527 1932 606 μετὰ
1992 536 2142 593 θεοῦ
2200 556 2289 607 τις

264 614 743 698 παραγενόμενος
787 615 870 688 εἰς
907 614 1047 687 τοὺς
1084 611 1341 695 ἀγῶνας,
1386 608 1511 688 οἶος
1549 612 1582 676 ὁ
1610 611 2041 698 Ἑφάρμοστος,
2085 619 2290 700 ὑμνεί-

180 728 207 767 5
265 712 422 769 σθω·
462 697 477 789 l
518 701 550 765 ὃ
596 700 660 765 δὲ
697 702 857 786 παρὰ
892 702 1042 764 θεόν
1087 725 1144 764 τι
1177 704 1480 783 πράσσων,
1516 702 1597 777 ὥς
1635 703 1894 767 αὐτόθεν
1930 705 2080 787 μηδὲ
2115 721 2291 771 νικᾶν
2320 720 2483 778 80εο

266 792 511 874 μέλλων,
557 792 809 873 εὐλόγως
853 789 931 854 ἂν
976 790 1077 852 καὶ
1123 790 1197 854 οὗ
1234 801 1451 865 σκαιῶς
1492 797 1776 878 σιωπῷτο.
1911 799 1952 857 f.
1998 794 2040 877 ἢ
2076 799 2289 872 οὕτως·
2318 809 2483 867 Boeo
2517 801 2538 833 ⁹

266 880 512 945 ἕκαστον
559 879 654 960 δέ,
699 898 878 961 φησι,
931 890 1171 961 πρᾶγμα
1225 879 1289 941 τὸ
1344 886 1497 942 θεοῦ
1549 881 1724 963 χωρὶς
1771 884 2172 965 πραττόμενον
2216 887 2292 951 οὐ

269 970 608 1051 σκαιότερόν
651 968 775 1031 ἐστι
829 968 1244 1049 σιωπώμενον,
1298 964 1432 1031 οἷον
1478 970 1816 1051 σοφώτερόν
1860 971 2006 1036 ἐστι·
2069 975 2133 1037 τὸ
2178 977 2290 1057 γὰρ

266 1060 352 1142 μὴ
397 1058 545 1122 κατὰ
590 1057 739 1120 θεὸν
782 1057 1195 1140 πρασσόμενον
1242 1058 1341 1119 δεῖ
1377 1068 1565 1140 σιγᾶν.
1700 1082 1756 1140 g.
1802 1059 1934 1124 ἀντὶ
1968 1073 2074 1125 τοῦ
2109 1064 2290 1127 καλόν

190 1173 243 1212 ιο
274 1148 395 1213 ἐστι
438 1147 597 1230 παρὰ
641 1147 929 1228 βούλησιν
974 1152 1128 1208 θεοῦ
1174 1170 1307 1207 τινα
1353 1148 1676 1227 νικήσαντα
1719 1149 1802 1228 μὴ
1847 1150 2182 1232 ὑμνεῖσθαι.

266 1240 326 1299 h.
371 1236 582 1311 ἄλλως·
649 1234 766 1297 ἀπὸ
820 1245 1032 1298 κοινοῦ
1086 1234 1151 1297 τὸ
1210 1234 1408 1313 κλέος,
1462 1230 1544 1297 ἵν’
1585 1226 1650 1324 ᾖ
1705 1239 1770 1300 τὸ
1825 1238 1888 1301 δὲ
1940 1239 2088 1303 ἄνευ
2141 1248 2293 1305 θεοῦ
2320 1254 2484 1312 Βοεο

267 1326 369 1389 καὶ
405 1325 581 1409 χωρὶς
622 1326 861 1404 φύσεως
906 1325 1078 1397 θείας
1114 1324 1583 1407 προσγινόμενον
1618 1325 1808 1407 κλέος,
1851 1339 2023 1392 τοῦτο
2061 1348 2291 1413 σεσιγη-

270 1414 454 1497 μένον
496 1414 599 1476 καὶ
646 1413 728 1494 μὴ
772 1413 1223 1495 θρυλλούμενον
1269 1412 1382 1475 οὐκ
1425 1413 1545 1476 ἔστι
1585 1417 1925 1497 σκαιότερον
1962 1417 2103 1481 οὐδὲ
2149 1420 2290 1501 μέμ-

270 1521 435 1584 ψεως
478 1502 673 1579 ἄξιον·
722 1500 805 1575 ὡς
847 1511 955 1565 τοῦ
991 1501 1267 1564 ἐναντίον
1303 1501 1531 1582 μέμψιν
1567 1504 1823 1586 ἔχοντος,
1867 1517 1973 1570 τοῦ
2009 1508 2092 1589 μὴ
2127 1508 2293 1571 ἐπαι-

192 1618 244 1657 15
272 1600 400 1657 νεῖν
455 1593 593 1666 τοὺς
647 1593 826 1671 φύσει
881 1589 1175 1673 ἀγαθούς·
1234 1591 1378 1673 ὅπερ
1431 1590 1644 1655 ἑαυτὸν
1694 1593 1845 1677 λέγει
1896 1603 2104 1660 ποιεῖν.

270 1686 310 1744 i.
360 1683 608 1745 δύναται
648 1678 717 1742 δὲ
762 1679 864 1742 καὶ
908 1680 1065 1741 οὕτω
1111 1686 1408 1742 νοεῖσθαι·
1454 1679 1701 1744 ἕκαστον
1739 1682 1802 1746 δὲ
1837 1695 2096 1767 πρᾶγμα,
2142 1684 2175 1749 ὃ
2211 1687 2293 1767 μὴ

272 1772 420 1835 κατὰ
466 1772 655 1848 φύσιν
698 1768 840 1849 ἐστὶ,
883 1778 1059 1831 τοῦτο
1106 1767 1547 1850 σεσιωπημένον
1594 1771 1704 1833 οὐκ
1749 1772 1868 1836 ἔστι
1907 1776 2140 1837 σκαιόν·
2188 1774 2295 1837 ἐὰν

274 1860 387 1945 γὰρ
434 1860 627 1922 νόθον
672 1856 746 1919 ὃν
792 1856 1209 1938 έμφανίζηται,
1253 1857 1379 1920 τότε
1424 1857 1535 1938 τὴν
1579 1858 1825 1936 ἀδοξίαν
1868 1865 2291 1947 προστρίβεται.

362 1953 421 2010 k.
478 1947 691 2022 ἄλλως·
757 1957 878 2009 πᾶν
943 1945 1007 2008 δὲ
1069 1957 1310 2030 πρᾶγμα
1363 1949 1522 2031 παρὰ
1578 1951 1765 2028 φύσιν
1817 1953 2132 2034 γινόμενον
2187 1954 2295 2036 οὐχ
2323 1970 2445 2027 8εο

190 2063 247 2102 20
279 2041 468 2112 οὕτως
516 2036 633 2100 ἐστὶ
674 2034 925 2118 σιγηθὲν
962 2033 1143 2115 ἀηδὲς
1179 2035 1259 2109 ὡς
1298 2037 1690 2118 φαινόμενον·
1738 2039 1933 2120 φανὲν
1966 2043 2079 2124 γὰρ
2114 2041 2295 2104 πλέον

275 2127 616 2210 έρυθριάσει
650 2125 751 2187 καὶ
786 2124 1228 2206 ὑβρισθήσεται.
1355 2128 1394 2186 l.
1433 2126 1582 2189 θεὸν
1620 2125 1684 2189 δὲ
1719 2129 1828 2209 τὴν
1864 2132 2053 2209 φύσιν
2089 2133 2294 2210 φησίν.
2324 2146 2488 2206 Boeo

409 2218 536 2278 158
558 2237 610 2276 a..
674 2212 847 2292 [ἐντὶ
879 2213 1008 2295 γὰρ
1046 2211 1251 2275 ἄλλαι
1288 2212 1473 2277 ὁδῶν
1511 2213 1669 2279 ὁδοὶ
1696 2216 1806 2292 ἕως
1832 2229 1939 2281 τοῦ
1965 2217 2263 2298 μελέται]
2297 2235 2505 2295 aeneo

273 2307 432 2368 διατί
472 2303 537 2366 δὲ
583 2304 695 2366 οὐκ
738 2301 857 2365 ἔστι
902 2302 1109 2364 σκαιὸν
1155 2302 1219 2364 τὸ
1267 2303 1349 2382 μὴ
1395 2307 1725 2384 θαυμάζειν
1768 2308 1907 2380 τοὺς
1951 2305 2098 2370 ἄνευ
2142 2314 2293 2372 θεοῦ

419 2503 447 2550 1
485 2496 523 2550 l.
563 2497 627 2550 B:
668 2494 805 2550 ἄνευ
842 2494 903 2550 δὲ
940 2497 1084 2549 θεοῦ
1123 2493 1213 2550 GU
1272 2494 1410 2550 ἄνευ
1447 2495 1508 2550 δὲ
1545 2498 1606 2550 θ.
1646 2494 2004 2566 σεσιγαμένον
2044 2497 2134 2555 En
2161 2499 2180 2567 ΙΙ
2209 2515 2294 2552 σε-

274 2566 574 2639 σιγημένου
614 2569 654 2622 Β
773 2572 804 2619 2
844 2565 1003 2637 ἄνευ]
1042 2565 1183 2620 ἄνευ
1218 2564 1282 2621 δὲ
1320 2567 1404 2622 ab
1433 2569 1452 2635 ΙΙ
1479 2584 1652 2635 φησιν
1689 2583 1794 2620 om.
1835 2567 1924 2623 00
2042 2575 2076 2622 4
2111 2588 2296 2637 παρα-

273 2639 566 2711 γινόμενος
613 2638 701 2693 Εῠ
744 2638 765 2706 ΙΙ
807 2638 939 2699 τοὺς
982 2637 1207 2707 ἀγῶνας
1254 2636 1396 2694 ΒΕΠ
1442 2639 1521 2707 (et
1565 2639 1606 2693 Α
1655 2642 1784 2704 302,
1806 2639 1921 2708 28):
1966 2638 2066 2695 τὸν
2103 2641 2298 2710 ἀγῶνα

277 2711 410 2769 8ον
438 2711 457 2780 ΙΙ
485 2709 517 2765 ὁ
555 2725 661 2763 om.
703 2707 896 2765 01]Εο
932 2713 1065 2777 (non
1102 2709 1166 2778 Α)
1311 2713 1343 2762 ὅ
1379 2708 1510 2776 περὶ
1543 2711 1700 2763 θεῶν
1738 2709 1870 2778 ΟΕΙΙ
1906 2709 2115 2765 αὐτόθι
2154 2714 2190 2767 Ε

276 2779 308 2837 6'
346 2779 383 2852 ἢ
421 2779 598 2844 οὕτως
636 2781 749 2835 BE:
787 2795 893 2834 om.
937 2782 975 2834 D
1032 2778 1207 2843 ἄλλως
1244 2779 1285 2834 ss
1395 2784 1425 2832 ’1
1463 2797 1603 2848 φησι
1641 2797 1745 2834 om.
1787 2780 1879 2838 DQ
1905 2783 1926 2850 ΙΙ
1951 2783 2118 2852 χωρὶς
2152 2786 2298 2838 θεοῦ

276 2855 371 2912 0ss
408 2855 488 2923 (et
523 2854 566 2908 Α
606 2856 727 2917 302,
747 2856 816 2905 24
1018 2854 1050 2903 8
1088 2852 1394 2920 σιγώμενον
1434 2851 1524 2908 ΕΩ
1704 2856 1770 2904 10
1805 2871 1934 2907 τινα
1971 2855 2104 2907 ante
2137 2853 2298 2922 παρὰ

273 2928 382 2996 trp.
416 2928 498 2981 Βν
525 2926 545 2993 ΙΙ
571 2923 768 2992 ὑμκνεῖν
842 2919 947 2976 eck
1094 2928 1157 2976 11
1194 2921 1354 2984 κλέος
1411 2921 1568 2986 κλέος
1603 2920 1824 2977 λεκτέον
1851 2938 1883 2977 ν
2029 2929 2093 2978 12
2130 2922 2300 2989 θείας

276 2998 498 3066 φύσεως
534 2993 720 3050 081111
858 2998 924 3046 13
963 2992 1289 3061 σκαιότερον
1378 3008 1436 3047 v:
1474 2991 1800 3062 σκαιότητος
1829 2995 1919 3049 ΒΕ
1965 2994 2297 3062 σκαιότατον

277 3071 366 3126 001’
512 3071 580 3118 14
624 3072 725 3119 τοῦ
761 3064 834 3135 μὴ
874 3064 1042 3120 800:
1088 3063 1153 3118 τὸ
1191 3065 1265 3134 μὴ
1304 3065 1344 3120 Ε
1394 3073 1495 3118 τοῦ
1529 3062 1683 3119 Beck
1719 3065 1933 3136 (tacibe)
2096 3072 2161 3120 16
2199 3067 2300 3122 καὶ

276 3157 385 3196 om.
427 3141 463 3194 Ε
609 3141 676 3190 18
714 3131 780 3192 ὃν
818 3152 923 3189 om.
966 3138 1006 3191 Β
1033 3137 1053 3204 ΙΙ
1080 3133 1440 3206 ἐμφανίζεται
1478 3136 1648 3193 Eum?
1803 3141 2008 3190 19—21
2047 3139 2161 3192 sch.
2195 3142 2297 3191 156

275 3212 299 3266 l
337 3213 469 3265 ante
504 3208 545 3260 k
580 3207 710 3262 hab.
752 3208 842 3265 ΕΩ
985 3212 1052 3260 19
1090 3206 1265 3272 ἄλλως
1302 3206 1416 3264 Εὓε
1453 3207 1700 3262 τουτέστι
1740 3210 1822 3263 BV
1849 3209 1868 3277 ΙΙ
1896 3207 1959 3263 δὲ
1996 3224 2102 3262 om.
2144 3211 2228 3264 Bv

278 3287 347 3336 20
385 3279 579 3352 ἀηδὲς]
617 3277 795 3348 αὐὸὴς
833 3281 869 3334 Ε
912 3281 932 3348 ΙΙ
974 3281 1167 3333 πλεῖον
1207 3281 1290 3334 Βν
1434 3284 1499 3333 21
1580 3281 1670 3333 ost
1704 3278 1776 3350 ὑβ
1813 3322 1824 3334 .
1864 3279 1992 3334 add.
2031 3296 2204 3348 φησιν
2244 3280 2296 3344 Ε,

278 3370 455 3424 φασιν
484 3353 527 3410 ss
550 3351 573 3423 ΙΙ
595 3350 696 3404 τὸν
724 3349 931 3420 φύσ(ει)
962 3352 998 3405 Ε
1024 3352 1045 3418 ΙΙ
1072 3346 1243 3418 φησίν
1274 3349 1389 3405 Bc:
1421 3367 1538 3418 φασ
1563 3371 1596 3406 ν
1618 3349 1708 3406 ΕΩ
1741 3352 1772 3403 λ
1801 3368 1886 3420 γει
1913 3366 1944 3404 ν
2043 3355 2111 3403 22
2149 3350 2186 3402 1.
2217 3348 2297 3402 sic

278 3427 346 3480 B:
386 3421 745 3492 σεσιγαμένον
789 3422 859 3475 οὐ
906 3420 1230 3489 σκαιότερον
1269 3421 1358 3478 ΕΩ
1413 3437 1528 3477 σεσι
1565 3419 1772 3491 αμένον
1806 3421 1910 3477 OD.
1969 3419 2182 3474 Seclusi

278 3495 347 3550 2'3
386 3494 449 3550 δὲ
486 3511 593 3549 om.
636 3492 724 3550 ΕΠ
750 3495 771 3562 fl
797 3491 1125 3562 σκαιότερον
1163 3491 1295 3550 Gssv
1322 3494 1362 3616 ἓ
1385 3492 1447 3546 τὸ
1484 3513 1523 3561 μ
1594 3496 1769 3561 θανμ.
1810 3508 1915 3545 om.
1956 3493 1993 3546 D
2020 3493 2042 3558 ss
2076 3489 2150 3558 μὴ
2189 3504 2292 3540 om.

279 3568 361 3625 nv
400 3569 559 3636 (corr.
601 3565 680 3633 b);
715 3565 779 3618 τὸ
816 3563 1099 3633 ἀτιμάζειν
1138 3563 1207 3633 ej.
1244 3563 1322 3618 Le
1363 3581 1418 3618 rs
1453 3581 1506 3633 p.
1539 3569 1604 3617 31
