2646 3882
371 234 458 300 60
1266 237 1493 293 Scholia

171 421 372 478 Βε(κ)ο
511 406 626 465 4b.
690 401 847 483 ἤτοι
900 406 1088 466 Πίσα
1151 402 1276 484 μὲν
1339 405 1537 478 Διόςε
1605 402 1645 484 ἡ
1702 403 1809 484 μὲν
1862 406 2026 467 Πίσα
2088 415 2191 468 τοῦ
2247 405 2396 480 Διός

370 491 526 554 ἔστιν
573 493 724 571 ἱερά·
774 489 852 554 δι’
893 491 972 572 ἣν
1019 493 1229 574 ὑμνεῖν
1265 492 1371 555 τὸν
1407 493 1555 556 θεὸν
1593 495 1711 556 δεῖ·
1759 493 1861 556 τὸν
1898 492 1963 556 δὲ
1994 489 2394 573 Ὀλυμπιακὸν

370 580 573 664 ἀγῶνα
618 582 856 661 ἔστησεν
886 576 1201 664 Ἱῷακλῆς·
1256 575 1351 662 ἦν’
1380 582 1493 665 γὰρ
1536 585 1683 646 κατά
1726 607 1893 658 τινας
1934 585 2393 665 παραμεληθείς.

316 689 347 733 Α
512 675 624 732 79..
689 670 1045 752 ἀκρόθινα
1089 671 1429 752 πολέμους
1474 671 1815 752 Ζηνόδοτος
1852 672 1992 752 μετὰ
2036 682 2143 735 τοῦ
2181 676 2218 733 ἶ
2254 673 2396 754 γρά-

373 783 474 839 φει
518 759 871 842 ἀκροθίνια,
915 760 1064 842 άπερ
1109 762 1329 842 κυρίως
1372 759 1594 842 λέγεται
1634 761 1795 843 παρὰ
1840 761 1945 835 τὰς
1989 771 2106 823 τῶν
2150 771 2397 843 καρπῶν
2450 783 2484 828 ε

371 856 585 930 θῖνας,
629 848 888 912 τουτέστι
932 849 1190 930 σωροὺς,
1237 846 1333 931 [ἢ]
1380 844 1510 912 οἷον
1553 849 1624 912 τὰ
1666 859 1774 930 τῆς
1819 849 1996 924 θινὸς
2046 849 2397 932 ἀπάργματα

370 937 472 1000 καὶ
516 936 693 1020 ἄκρα·
742 936 962 1020 λέγεται
1009 936 1071 1000 δὲ
1106 935 1146 1017 ἡ
1185 939 1335 1012 λέξις
1374 949 1780 1019 μεταφορικῶς
1815 938 1912 1001 ἐπὶ
1946 938 2167 1012 παντὸς
2204 937 2396 1021 ἀπάρ-

369 1050 589 1111 γματος
637 1077 649 1090 .
681 1076 694 1090 .
726 1075 737 1087 .
783 1033 1117 1111 κορυφαῖον
1162 1028 1263 1090 καὶ
1306 1029 1631 1090 κάλλιστον.

294 1135 369 1180 cn
511 1121 545 1178 7
574 1119 631 1177 b.
679 1115 1038 1199 ἀκρόθινα
1081 1114 1422 1198 πολέμους
1466 1117 1572 1190 τὰς
1619 1116 1884 1199 ἀπαρχὰς
1927 1127 2045 1178 τῶν
2090 1118 2395 1198 λαφύρων.

160 1225 414 1282 ueneno
506 1227 552 1267 ο.
601 1207 765 1287 πρὸς
818 1204 1059 1287 Αὐγέαν
1113 1206 1448 1285 πολεμήσας
1500 1205 1605 1268 τὸν
1643 1204 1890 1280 ’Ήλιδος
1943 1207 2242 1287 τύραννον
2294 1205 2398 1268 καὶ
2426 1229 2485 1269 10

370 1296 620 1375 νικήσας
674 1295 739 1357 ἐκ
792 1305 898 1376 τῆς
953 1296 1407 1376 λαφυραγωγίας
1455 1290 1587 1375 [τὰς
1631 1293 1897 1377 ἀπαρχὰς
1949 1304 2068 1356 τῶν
2111 1295 2397 1377 λαφύρων

313 1405 344 1450 ο
370 1384 761 1467 προσαγαγὼν
797 1380 1008 1465 ἔκτισε]
1046 1382 1150 1444 τὸν
1186 1382 1391 1465 ἀγῶνα
1428 1382 1724 1463 διέθηκεν.
1789 1407 1841 1447 12
1861 1403 1893 1447 Β
1940 1395 2048 1456 8,οδ
2086 1409 2137 1447 11
2167 1402 2289 1459 εκο

373 1476 428 1535 d.
475 1473 794 1557 ἀκροθίνια
839 1470 902 1534 δὲ
947 1471 1048 1534 καὶ
1093 1471 1162 1534 τὰ
1208 1471 1575 1554 ἀπάργματα.

317 1583 348 1627 Α
511 1567 622 1624 Sa.
694 1563 1016 1643 Θήρωνατ
1076 1561 1292 1642 Θήρων
1346 1561 1476 1634 υίὸς
1530 1554 1608 1642 ἧν
1653 1563 2099 1643 Αἰνησιδάμου·
2163 1555 2277 1642 εἶχε
2332 1559 2397 1623 δὲ

373 1658 672 1735 συγγενεῖς
732 1652 949 1713 Κάπυν
1008 1649 1108 1712 καὶ
1157 1648 1582 1732 Ἱπποκράτην,
1641 1652 1855 1725 οἵτινες
1906 1644 2061 1732 ἦσαν
2115 1649 2392 1729 ἀδελφοί·
2424 1673 2481 1714 15

372 1741 507 1822 περὶ
551 1732 636 1802 ὧν
683 1740 1118 1821 Καλλιστράτης
1164 1759 1332 1813 (nne
1356 1761 1438 1812 Π,
1463 1760 1563 1813 4³³)
1608 1738 1674 1800 ἐν
1718 1746 1799 1826 τῷ
1846 1737 1897 1814 ζ’
1942 1740 2145 1820 φησίν.

370 1831 428 1890 b.
474 1830 913 1911 τετραορίαςε
969 1838 1072 1890 τοῦ
1127 1827 1402 1908 ἅρματος.
1492 1824 1532 1906 ἡ
1578 1827 1727 1904 λέξις
1783 1828 1941 1910 παρὰ
1996 1828 2060 1890 τὸ
2116 1826 2400 1910 ἀρηρέναι

374 1917 476 1981 καὶ
519 1915 824 2001 ἡρμόσθαι
868 1918 1006 1991 τοὺς
1053 1917 1273 1992 ἵππους
1317 1916 1561 1991 ἑαυτοῖς.

161 2021 468 2084 neuwen«)
553 2012 590 2069 8
612 2028 660 2069 ο.
759 2007 862 2069 τὸν
937 2004 1001 2068 δὲ
1079 2007 1333 2090 Θήρωνα
1422 2007 1744 2086 νικήσαντα
1823 2008 2127 2093 τεθρίππῳ
2207 2006 2398 2086 ὑμνή-

171 2116 424 2173 ueneno
454 2116 664 2178 σωμεν.
703 2122 727 2159 1
749 2113 807 2159 n·
929 2097 984 2156 d.
1033 2094 1064 2157 ὁ
1103 2094 1167 2158 δὲ
1201 2106 1347 2168 νοῦς
1383 2096 1565 2182 αὐτῷ·
1606 2097 1950 2177 σεμνύνεται
1976 2094 2086 2176 μὲν
2125 2093 2156 2156 ὁ
2191 2090 2397 2175 Ὀλυμ·
2428 2119 2487 2159 zo

373 2186 586 2259 πιακὸς
650 2183 810 2267 ἀγὼν
883 2192 962 2271 τῷ
1027 2185 1130 2247 Διὶ
1199 2185 1300 2246 καὶ
1362 2191 1442 2271 τῷ
1514 2185 1973 2265 καταβεβληκότι
2035 2185 2145 2263 τὴν
2212 2183 2400 2266 ἀρχὴν

519 2418 550 2465 5
588 2410 704 2464 ΕΜ
733 2415 818 2475 53,
843 2414 922 2464 10.
976 2408 1082 2463 EG
1111 2414 1196 2477 29,
1224 2413 1310 2463 40.
1358 2408 1487 2463 Hes.
1519 2408 1671 2463 Suid.
1703 2427 1743 2463 s,
1774 2427 1822 2463 v.
1871 2409 1976 2463 lex.
2006 2409 2175 2463 Bach.
2208 2411 2293 2476 56,
2318 2415 2399 2463 14.

377 2484 490 2539 sch.
527 2483 656 2536 Eur.
694 2482 901 2535 Phoen.
942 2486 1061 2534 203.
1108 2480 1263 2535 Euat.
1296 2478 1397 2534 Od.
1432 2485 1585 2549 1862,
1605 2486 1673 2534 29
1823 2486 1887 2534 10
1926 2480 2023 2535 cfr.
2062 2500 2115 2550 p.
2149 2486 2195 2547 7,
2229 2487 2256 2534 1
2280 2498 2401 2549 sqq.

523 2704 551 2751 1
589 2694 776 2751 Πίσσα
801 2694 1103 2763 utrobique
1133 2695 1224 2750 ΒΗ
1373 2700 1404 2747 2
1444 2693 1597 2762 ἱερόν
1636 2696 1717 2749 Βν
1743 2695 1762 2763 ΙΙ
1790 2689 1873 2747 δι’
1904 2691 2000 2766 ἣν]
2040 2691 2096 2750 δ’
2120 2691 2192 2762 ἣν
2222 2696 2258 2750 Ε
2314 2692 2393 2748 δι’

373 2764 1185 2907 ιοεεῑείαν>ᾒτξειΐςςι
1205 2766 1276 2891 ε.
1433 2761 1594 2905 “2022
1608 2764 1961 2890 {mm
2002 2766 2133 2891 ε..
2161 2766 2405 2906 m

375 2909 520 2981 λέγει
558 2912 589 2964 b
618 2912 637 2979 ΙΙ
664 2858 1090 2979 μεταφοῖρικῶς)
1117 2911 1136 2977 ΙΙ
1165 2908 1258 2964 ἐπὶ
1274 2858 1350 2961 yn.
1390 2907 1614 2976 scripsi:
1653 2907 1767 2962 ἀπὸ
1803 2926 1860 2961 π.
1902 2910 2059 2978 (corr.
2100 2858 2171 2962 e}
2207 2909 2405 2978 ἀπολλ)

375 2981 418 3036 Α
480 2981 730 3042 ἅπαντος
768 2983 799 3035 h
958 2985 991 3034 8
1027 2979 1132 3033 lac.
1173 2977 1419 3033 indicavi
1572 2984 1603 3032 9
1650 2978 1687 3033 1.
1728 2980 1785 3033 et
1823 2979 2020 3036 ΒΕΗΟ
2046 2980 2065 3048 ΙΙ
2094 2975 2407 3047 ἀκροθίνια

378 3052 466 3108 00
525 3047 863 3120 ἀκροθίνιον
903 3053 938 3106 Ε
1103 3056 1168 3104 10
1205 3049 1431 3121 Αὐγέαν
1479 3050 1698 3107 ΒΕΗΠε
1746 3046 1993 3120 Αὐγείαν
2040 3048 2245 3121 (-γέαν)
2296 3049 2404 3119 γὰρ

377 3120 466 3180 00
522 3127 542 3192 ΙΙ
593 3122 717 3193 τὸν]
753 3130 852 3192 τῆς
885 3121 1038 3176 Beck
1176 3128 1240 3176 11
1286 3122 1558 3185 τὰς-12
1596 3122 1970 3191 προσαγαγών
2016 3138 2121 3176 om.
2172 3120 2260 3177 00

380 3201 445 3249 12
485 3194 662 3249 ἔκτισε
697 3212 743 3246 τ.
775 3193 828 3247 ἀ.
859 3192 1130 3263 διέθηκεν
1170 3195 1231 3249 Ετ
1266 3193 1369 3249 τὸν
1407 3194 1494 3263 ἀγ.
1536 3191 1803 3261 διέθηκεν
1843 3192 2042 3249 00110
2090 3193 2267 3247 ἔκτισε
2303 3192 2406 3248 τὸν

377 3266 464 3335 ἀγ.
506 3268 561 3320 Β.
621 3264 835 3319 Seclusi
870 3264 971 3327 τὰς
991 3296 1058 3305 —-—
1081 3264 1256 3319 ἔκτισε
1369 3269 1434 3319 15
1474 3272 1735 3333 συγγενὴς
1766 3280 1871 3333 ego
1984 3269 2049 3318 16
2072 3261 2407 3333 Ἱππόστρα-

374 3356 470 3399 τος
509 3338 540 3391 h
586 3339 753 3402 recte,
792 3338 858 3390 ut
893 3336 1002 3389 vid.
1189 3341 1252 3389 17
1299 3332 1661 3405 τετραωρίαςε
1704 3336 1737 3389 h
1919 3340 1986 3389 18
2032 3336 2164 3398 τοὺς
2200 3333 2411 3399 ἵππους

379 3407 706 3462 Schneider:
745 3416 864 3469 τοῖς
889 3411 1013 3477 (cp.,
1053 3422 1121 3460 ex
1159 3410 1318 3477 corr.)
1357 3406 1549 3468 ἵπποις
1575 3409 1594 3476 11
1622 3405 1844 3469 ἑαυτοῖς
1880 3406 1987 3460 dell
2022 3408 2053 3461 h
2184 3412 2248 3460 19
2293 3405 2408 3473 Θή-

378 3499 532 3547 ρωνα
570 3478 632 3534 δὲ
667 3495 769 3548 pro
817 3478 852 3532 l.
892 3494 1101 3548 praem.
1143 3478 1231 3534 00
1278 3482 1297 3549 ΙΙ
1340 3479 1441 3533 τὸν
1484 3479 1546 3533 δὲ
1589 3476 1831 3547 Θήρωνα
1871 3477 2015 3533 00“’;
2062 3485 2263 3532 τοῦτον
2302 3474 2406 3532 οὖν

376 3550 475 3605 τὸν
518 3549 757 3618 Θήρωνα
796 3549 1072 3606 Βο*ΕΗο
1098 3550 1116 3618 ΙΙ
1143 3548 1437 3623 τεθρίππῳ
1475 3548 1783 3616 νικήσαντα
1822 3548 2138 3619 Β(0·)ΕΙ“Ιο
2264 3554 2333 3601 20
2373 3548 2403 3603 ὁ

378 3620 442 3676 δὲ
477 3630 612 3682 νοῦς
648 3621 799 3695 αὐτῷ
827 3638 933 3675 om.
975 3620 1063 3676 00
1110 3622 1129 3689 ΙΙ
1174 3622 1327 3695 αὐτῷ
1359 3622 1477 3677 Bu:
1517 3637 1623 3675 om.
1666 3623 1702 3677 Ε
1759 3620 1933 3675 αὐτοῦ
1972 3620 2013 3677 ss
