2646 3882
366 200 498 264 234
1261 201 1485 255 Scholia.

290 376 366 430 8⁸¹
506 372 627 429 161
649 369 704 427 b.
780 362 1040 452 (ὕμνου
1096 366 1413 447 τεθμόνε)
1479 378 1947 450 περιφραστικῶς
2011 369 2113 431 τὸν
2176 371 2391 451 ὕμνον.

455 478 500 518 c.
549 456 613 517 τὸ
660 463 904 536 σημεῖον
952 457 1039 518 ὅτι
1085 456 1194 535 τὴν
1239 455 1413 518 θέσιν
1460 457 1643 535 δηλοῖ.

286 555 364 607 8⁸¹
502 549 626 607 163
649 567 702 607 a.
768 539 1020 629 (ἄνδρα
1064 539 1186 629 τες)
1234 544 1352 606 άπὸ
1398 556 1606 607 κοινοῦ
1652 546 1716 607 τὸ
1763 547 1916 627 τίμα.

305 654 336 697 Α
501 638 626 696 163
647 636 702 697 b.
767 636 899 709 πὺξ
947 634 1229 716 ἄρετάνι
1275 633 1379 695 τὸν
1414 634 1525 713 τὴν
1562 633 1775 715 ἀρετὴν
1810 635 2060 717 εὑρόντα
2093 636 2241 697 κατὰ
2278 636 2388 715 τὴν

360 724 668 803 πυκτικήν.
743 720 1006 804 Ὅμηρος
1053 720 1157 806 (Ψ
1193 717 1378 807 634)·
1433 724 1549 797 πὺξ
1606 722 1714 802 μὲν
1768 723 2041 804 ἐνίκησα,
2096 724 2229 787 ἀντὶ
2278 736 2387 788 τοῦ
2448 749 2471 788 5

361 823 583 898 πυγμῇ.
719 834 767 874 ο.
813 812 915 874 τὸν
962 812 1060 873 διὰ
1106 822 1344 894 πυγμῆς
1391 810 1603 893 ἀρετὴν
1646 812 1912 895 εὑρόντα.

239 919 359 975 8Εο
499 906 643 963 164.
710 902 902 963 δίδοι
956 900 1024 963 τέ
1069 903 1142 963 οἱ
1181 902 1469 962 αἰδοίαν
1513 902 1744 982 χάρινε
1801 899 1834 962 6
1878 912 2053 975 νοῦς·
2107 903 2277 965 δίδου
2325 926 2387 966 τε

361 990 522 1075 αὐτῷ
568 992 803 1052 αἰδοίαν
859 991 1028 1071 χάριν
1081 989 1183 1052 καὶ
1235 989 1394 1071 παρὰ
1449 999 1566 1050 τῶν
1614 996 1871 1053 πολιτῶν
1916 990 2015 1053 καὶ
2060 991 2220 1074 παρὰ
2265 1002 2387 1054 τῶν

360 1078 574 1160 ξένων,
628 1078 830 1158 ἐπειδὴ
885 1079 994 1158 τὴν
1049 1078 1270 1160 ἐχθρὰν
1328 1088 1434 1158 τῆς
1480 1079 1705 1159 ’ὕβρεως
1762 1076 1907 1141 ὁδὸν
1953 1081 2205 1160 βαδίζει,
2251 1079 2387 1143 ἀντὶ

361 1180 466 1231 τοῦ
511 1168 638 1230 ἐπεὶ
682 1170 906 1243 πάντας
955 1164 1034 1230 δι’
1076 1169 1284 1240 αἰδοῦς
1330 1167 1443 1248 ἔχει
1486 1167 1587 1229 καὶ
1631 1178 1820 1247 τιμῆς.
2417 1192 2469 1232 10

282 1266 360 1320 3⁸¹
497 1261 640 1318 166.
707 1252 989 1342 (ὕβριος
1034 1256 1300 1338 ἐχθρὰν
1349 1250 1572 1339 ὅδόντ)
1619 1255 1727 1335 τὴν
1784 1258 2172 1337 δικαιοσύνην
2218 1257 2383 1340 λέγει.

301 1364 333 1408 A
498 1350 622 1407 168
646 1368 698 1407 a.
765 1348 954 1425 σάφα
1001 1347 1220 1419 δαείςε
1277 1355 1483 1423 σαφῶς
1538 1344 1900 1426 μεμαθηκὼς
1944 1344 1985 1407 ἃ
2030 1348 2095 1408 οἱ
2143 1346 2385 1429 πατέρες

358 1434 517 1519 αὐτῷ
562 1431 1020 1521 ἔχρησμῴδησαν
1066 1434 1165 1495 καὶ
1211 1432 1521 1495 ὑπέθεντο.

143 1541 355 1597 aeneo
496 1525 696 1584 168b.
771 1525 961 1602 σάφα
1019 1524 1239 1597 δαείςε
1311 1532 1493 1584 ταῦτα
1553 1522 1760 1585 λοιπὸν
1819 1521 1899 1597 ὣς
1957 1523 2105 1604 πρὸς
2170 1523 2383 1586 ἑαυτόν

359 1630 548 1691 φησιν
595 1610 626 1673 6
673 1613 949 1691 ποιητής·
997 1621 1201 1691 σαφῶς
1236 1612 1419 1693 γνοὺς
1456 1610 1629 1674 ἅτινα
1665 1612 1824 1697 αὐτῷ
1864 1614 1934 1673 αἱ
1971 1622 2089 1673 τῶν
2130 1612 2381 1694 ἀγαθῶν
2414 1636 2466 1676 15

359 1701 542 1763 αὐτοῦ
588 1700 855 1782 πατέρων
903 1700 1083 1782 ὀρθαὶ
1128 1700 1341 1781 φρένες
1387 1699 1686 1781 έξέχραον,
1733 1700 1916 1763 οἱονεὶ
1960 1700 2381 1787 έχρησμῴδουν

360 1789 459 1851 καὶ
503 1787 833 1877 παρῄνουν.
926 1789 1006 1863 ὡς
1051 1789 1185 1870 περὶ
1229 1790 1489 1869 εὐσεβῶν
1536 1788 1600 1851 δὲ
1644 1791 1779 1851 λίαν
1826 1789 2237 1854 ὑπαινίττεται.

241 1888 360 1943 AB⁸¹
497 1883 620 1941 168
644 1900 690 1941 0.
755 1880 794 1941 δι’
839 1878 907 1940 τέ
971 1880 1043 1941 οἱ
1091 1877 1436 1960 πατέρωνε
1500 1888 1672 1941 τοῦτο
1728 1878 1886 1957 παρὰ
1942 1878 2005 1941 τὸ
2064 1876 2381 1963 Ὁμηρικὸν

357 1969 579 2051 εἴρηται
634 1963 712 2053 (Ζ
762 1967 916 2048 209)
937 1985 951 2000 ·
1024 1966 1169 2048 μηδὲ
1228 1973 1399 2051 γένος
1458 1967 1723 2050 πατέρων
1782 1967 2147 2050 αἰσχυνέμεν.

299 2077 330 2120 Α
357 2060 411 2118 (1.
458 2057 716 2120 τουτέστι
771 2058 851 2139 μὴ
909 2057 1246 2136 ἀπόκρυπτε
1300 2057 1440 2131 τοὺς
1492 2059 1853 2138 προγόνους,
1908 2051 1955 2118 ὦ
2000 2054 2189 2137 θυμὲ,
2235 2057 2379 2120 ἀλλὰ
2410 2081 2467 2120 20

356 2148 546 2228 ὕμνει.
636 2146 822 2209 ἑαυτοῦ
870 2145 932 2208 δὲ
980 2145 1012 2208 6
1050 2148 1354 2227 Πίνδαρος
1400 2147 1864 2226 παρακελεύεται.

278 2247 356 2299 8⁸¹
494 2241 621 2298 170
641 2257 693 2296 a..
761 2209 1095 2320 (ἕχραοντ)
1141 2234 1427 2314 ἐπῆλθον.

297 2344 329 2388 A
494 2327 694 2387 170b.
761 2325 850 2405 μὴ
897 2325 1160 2407 κρύπτε
1213 2324 1489 2386 κοινόνε
1550 2323 1755 2386 κοινὸν
1801 2323 1949 2405 λέγει
1995 2323 2059 2385 τὸ
2106 2324 2378 2399 ἔνδοξον·

354 2414 525 2476 κοινὰ
572 2414 682 2496 γὰρ
727 2414 796 2476 τὰ
843 2413 1054 2488 ἔνδοξα
1064 2458 1083 2493 ,
1127 2413 1187 2487 ἐξ
1235 2406 1319 2474 ὧν
1365 2414 1579 2486 πάντες
1626 2414 2189 2493 μεταλαμβάνουσιν.

144 2520 352 2578 Bouto
493 2507 688 2564 1700.
755 2502 844 2583 μὴ
889 2504 1152 2583 κρύπτε
1206 2502 1484 2563 κοινόνε
1544 2501 1625 2583 μὴ
1680 2500 2017 2582 ἀπόκρυπτε
2061 2502 2125 2562 τὸ
2170 2501 2378 2564 κοινὸν
2408 2525 2463 2564 25

354 2590 454 2652 καὶ
510 2593 795 2670 διάδηλον
859 2598 982 2664 τοῖς
1037 2596 1274 2664 πολλοῖς
1330 2601 1435 2652 τοῦ
1491 2591 1930 2664 Καλλιάνακτος
1986 2589 2155 2672 γένος
2209 2585 2379 2675 (πρό-

353 2703 532 2762 γονος
576 2679 688 2761 γὰρ
734 2690 839 2742 τοῦ
889 2679 1220 2759 νικηφόρου
1267 2673 1441 2752 οὗτος
1488 2674 1778 2762 ἔνδοξος),
1825 2678 1969 2741 ἀλλὰ
2014 2680 2201 2760 ὕμνει.

354 2769 411 2828 d.
458 2768 709 2830 κοινὸν
765 2767 1038 2850 σπέρμα
1093 2767 1241 2849 λέγει
1299 2767 1363 2829 τὸ
1420 2769 1688 2842 ἔνδοξον·
1746 2768 1917 2830 κοινὰ
1971 2769 2081 2850 γὰρ
2137 2769 2207 2830 τὰ
2261 2792 2377 2831 τοι·

356 2867 509 2919 αὕτα
553 2855 612 2931 ἐξ
660 2851 734 2919 οὗ
779 2858 1016 2931 πάντως
1061 2856 1187 2937 ἔχει.
1326 2879 1372 2918 e.
1420 2857 1485 2918 τὸ
1533 2859 1897 2939 συγγενικόν.

287 2965 318 3008 A
493 2951 616 3008 172
637 2967 692 3008 a.
752 2941 1243 3028 Ἐραστεϊδῶνε
1300 2943 1332 3006 6
1379 2955 1547 3019 νοῦς·
1606 2946 1720 3007 σὺν
1774 2953 1900 3020 ταῖς
1954 2955 2072 3007 τῶν
2111 2940 2377 3028 Ἐραστι-
2406 2969 2461 3009 30

494 3230 528 3276 4
565 3223 795 3296 ἀρετάν]
834 3225 1040 3292 ἀρετᾶν
1078 3226 1172 3279 ΑΝ
1307 3229 1339 3276 6
1376 3222 1563 3292 πυγμὴ
1703 3229 1732 3277 7
1769 3223 1829 3278 τέ
1867 3226 1973 3279 Bv:
2014 3224 2078 3279 δέ
2202 3231 2233 3278 9
2273 3225 2376 3294 βα·-

353 3292 497 3360 δίζοι
535 3298 572 3350 Ε
684 3301 748 3350 10
787 3297 908 3350 ἐπεὶ
943 3294 1163 3358 πάντας
1201 3297 1265 3350 B:
1304 3295 1399 3350 ἐπὶ
1432 3293 1621 3349 πάντα
1661 3297 1696 3350 Ε
1749 3295 1937 3349 πάντα
1976 3295 2016 3351 ss
2127 3301 2191 3348 13
2230 3297 2374 3366 αὐτῇ

496 3371 562 3419 16
602 3365 1054 3439 έξεχρησμῲδουν
1095 3365 1225 3422 Essv
1400 3371 1462 3420 17
1512 3367 1585 3428 ὡς
1624 3365 1755 3433 περὶ
1794 3368 1857 3421 B:
1907 3363 2089 3434 ὥσπερ
2129 3369 2151 3435 fl
2199 3363 2376 3421 αἰνίτ-

350 3454 503 3491 τεται
541 3439 578 3491 D
739 3443 805 3491 18
841 3445 1005 3491 τοῦτο
1046 3439 1103 3490 et
1139 3442 1205 3491 21
1246 3435 1462 3505 εἴρηται
1498 3454 1603 3491 om.
1646 3438 1685 3491 Β
1848 3442 1914 3488 25
1951 3435 1988 3489 1.
2028 3453 2134 3490 om.
2178 3436 2320 3493 0Εο
2354 3437 2377 3510 ΙΙ

352 3505 424 3576 μὴ
464 3507 662 3576 ἀπόκρ.
700 3508 762 3563 τὸ
801 3529 850 3562 κ.
891 3524 996 3561 om.
1038 3508 1074 3564 G
1246 3514 1321 3561 26
1360 3507 1559 3577 γένους
1598 3506 1685 3563 Ess
1836 3512 1903 3560 28
1949 3506 2138 3579 κοινὰ]
2176 3509 2375 3564 κοινὸν

355 3580 442 3633 3⁸⁶
552 3585 616 3633 29
657 3579 714 3644 ἐξ
752 3574 818 3633 οὗ
841 3611 907 3618 -
929 3578 1063 3649 ἔχει]
1101 3578 1163 3632 fb.
1197 3579 1251 3642 ἐξ
1281 3573 1361 3634 ὧν
1389 3577 1593 3641 πάντες
1627 3575 1928 3648 μετέχουσι,
1966 3576 2031 3632 cl.
2072 3579 2115 3633 A
2152 3580 2262 3649 (24)
