2646 3882
987 194 1205 267 olymp.
1235 195 1322 249 lx.
1350 201 1575 251 87—99
2164 196 2293 261 291

265 362 604 444 προσώπου.
666 358 1032 443 [προειρήκει
1088 361 1200 445 γὰρ
1259 362 1379 442 ὅτι,
1438 356 1551 443 εἶχε
1611 360 1675 423 δὲ
1735 362 1962 444 σπέρμα
2023 362 2295 445 μέγιστον

265 450 498 532 ἄλοχος,
545 451 610 513 ἐκ
656 447 847 531 Διός.]
915 449 948 512 6
993 450 1106 534 γὰρ
1150 450 1391 532 Λοκρὸς
1437 452 1595 513 ἴδιον
1641 451 1823 514 αὐτὸν
1868 450 2149 532 ἐνόμιζεν.

406 543 506 602 95.
573 539 791 601 θετὸν
835 540 1025 602 υἱόν;
1072 537 1104 601 6
1133 539 1373 621 Λοκρὸς
1411 540 1686 619 δηλονότι
1718 540 1825 604 τὸν
1856 534 2149 603 Ὀποῦντα
2183 540 2295 603 οὐκ
2321 559 2353 602 Α

267 628 534 710 ἐνόμιζεν
579 622 732 691 εἶναι
776 628 956 691 θετὸν
999 628 1138 691 υἱὸν
1184 624 1360 712 (Διὸς
1403 622 1568 712 γὰρ),
1612 628 1759 690 ἀλλὰ
1801 630 1974 691 ἴδιον.

211 740 237 781 5
406 721 562 779 9622„
627 718 947 800 μάτρωος
1003 711 1059 779 δ’
1109 716 1397 779 ἐκάλεσέ
1449 740 1593 779 νιν.
1646 719 1866 800 κυρίως
1922 718 2181 800 μήτρωες
2237 720 2352 780 οῐΑ

268 806 488 889 μητρὸς
540 804 811 885 ἀδελφοί·
869 816 988 869 νῦν
1033 804 1096 867 δὲ
1150 805 1254 868 τὸν
1307 815 1413 887 τῆς
1467 806 1688 889 μητρὸς
1737 805 1955 888 πατέρα
2004 802 2296 869 Ὀποῦντα

267 895 526 977 μήτρωα.
627 888 706 977 ἦν
763 895 874 977 γὰρ
941 896 1385 978 Πρωτογενείας
1446 895 1546 957 καὶ
1610 894 1787 976 Διὸς,
1860 895 2163 976 ἐπίκλησιν
2229 893 2294 957 δὲ

264 990 530 1066 Λοκροῦ.

405 1074 563 1135 961).
582 1073 946 1186 μάτρωος
993 1066 1053 1135 δ’
1086 1071 1416 1135 ἐκάλεσσέ
1459 1097 1579 1152 μιν
1618 1072 2057 1154 ἰσώνυμον”
2024 1093 2265 1153 εμμενι
2294 1091 2499 1147 Βοοεο

187 1185 240 1225 1ο
267 1159 484 1240 ήσθεις
539 1153 652 1223 οὖν
713 1160 982 1223 ἐκάλεσεν
1047 1161 1228 1223 αὐτὸν
1286 1166 1394 1223 τοῦ
1446 1161 1596 1244 πρὸς
1652 1162 1870 1244 μητρὸς
1924 1162 2172 1223 πάππου
2226 1160 2291 1223 τὸ

269 1249 478 1331 ὄνομα.
567 1249 668 1312 καὶ
711 1260 830 1313 νῦν
885 1249 992 1330 μὲν
1049 1249 1082 1312 6
1138 1251 1445 1332 Πίνδαρος
1497 1251 1601 1313 τὸν
1658 1249 1719 1311 ἐκ
1777 1249 1994 1332 μητρὸς
2048 1251 2293 1312 πάππον

268 1340 511 1422 μήτρωα
557 1336 848 1419 ὀνομάζει·
882 1336 1148 1421 Ὅμηρος
1194 1336 1256 1400 δὲ
1301 1338 1401 1401 καὶ
1447 1340 1514 1402 οῖ
1550 1340 1749 1403 λοιποὶ
1791 1339 1895 1401 τὸν
1936 1348 2040 1419 τῆς
2076 1339 2295 1421 μητρὸς

267 1427 532 1507 ἀδελφὸν
561 1428 800 1510 μήτρωα
825 1434 1124 1490 καλοῦσιν.
1189 1426 1378 1508 φησὶν
1406 1420 1519 1489 οὖν
1550 1426 1615 1490 ἐν
1651 1438 1724 1513 τῇ
1753 1424 1958 1490 Ἰλιάδι
1985 1423 2084 1511 (Π
2109 1422 2289 1511 717)·

536 1520 729 1613 Ἀσίω,
775 1522 840 1598 ὃς
861 1525 1117 1609 μήτρως
1160 1519 1239 1607 ἦν
1267 1522 1555 1606 Ἕκτορος
1602 1526 1982 1605 ἱπποδάμοιο,

187 1638 236 1679 15
542 1614 1040 1696 αὐτοκασίγνητος
1077 1611 1362 1696 Ἑκάβης,
1405 1614 1537 1688 υἱὸς
1583 1612 1646 1676 δὲ
1693 1616 2024 1695 Δύμαντος.

405 1716 558 1773 960.
624 1713 968 1826 μάτρωος
1033 1706 1092 1773 δ’
1143 1711 1505 1774 ἐκάλεσσέ
1568 1735 1729 1793 μινε
1796 1710 1827 1774 6
1885 1712 2125 1795 Λοκρὸς
2186 1712 2292 1774 τὸν
2321 1730 2441 1786 3εο

258 1798 574 1864 Ὀποῦντα.
625 1797 634 1883 Ι
682 1794 759 1881 ἦν
815 1798 879 1861 δὲ
934 1798 966 1862 6
1014 1801 1252 1882 Λοκρὸς
1300 1796 1734 1880 Ἀμφικτύονος
1788 1810 1895 1863 τοῦ
1941 1800 2102 1875 Διὸς.
2192 1801 2293 1863 καὶ
2321 1817 2481 1874 acto

263 1890 500 1953 ἐκάλεσε
554 1900 660 1953 τοῦ
715 1890 1186 2000 μητροπάτορος
1211 1889 1277 1953 τὸ
1323 1888 1527 1969 ὄνομα.
1616 1884 1832 1964 Ὀποῦς
1880 1888 1992 1972 γὰρ
2036 1889 2293 1954 ἐκαλεῖτο

265 1979 298 2043 6
345 1980 628 2061 βασιλευς
672 1989 790 2040 τῶν
829 1973 1095 2060 Ἠλείων,
1143 1968 1190 2065 ᾧ
1234 1979 1337 2041 καὶ
1382 1972 1555 2053 οὗτος
1602 1979 1914 2061 ὁμώνυμός
1959 1979 2133 2042 ἔστιν.
2192 2003 2245 2043 99
2260 1999 2292 2042 Β

183 2093 237 2132 20
405 2071 518 2130 98
578 2066 1017 2150 ὑπέρφατον.
1063 2068 1341 2151 ὑπερφυᾶ
1386 2067 1487 2130 καὶ
1534 2067 1715 2151 μέγαν
1759 2067 1859 2130 καὶ
1895 2074 1975 2156 τῷ
2012 2069 2152 2130 εἴδει
2188 2067 2288 2130 καὶ
2318 2087 2349 2130 Β

263 2165 388 2230 τοῖς
438 2158 790 2239 πράγμασιν.
856 2181 933 2220 101
949 2177 981 2220 Β

405 2250 564 2308 999..
627 2246 835 2307 πόλιν
881 2241 938 2306 δ’
972 2245 1276 2307 ὥπασενε
1331 2244 1675 2328 ἐνεχείρισεν
1730 2245 2347 2330 αύτῷ.1).ὥστεΑ

267 2334 386 2398 ἀπὸ
428 2328 748 2408 Ὀποῦντος
792 2335 932 2396 υἱοῦ
977 2343 1082 2397 τοῦ
1128 2334 1274 2408 Διὸς
1320 2332 1361 2414 ἡ
1405 2334 1574 2408 πόλις
1624 2332 1970 2414 ὠνόμασται.

407 2428 560 2487 990.
625 2424 834 2486 πόλιν
889 2419 946 2484 δ’
989 2422 1292 2485 ὥπασεντ
1359 2421 1487 2485 όντι
1541 2421 1605 2484 δὲ
1659 2429 1741 2508 τῷ
1802 2423 1969 2484 παιδι
2024 2421 2290 2510 ἕξαιρέτω
2318 2443 2483 2499 aneo

186 2536 238 2576 25
266 2512 370 2575 καὶ
435 2509 806 2593 ἀνδρωθέντι
869 2510 902 2574 6
957 2512 1194 2591 Λοκρὸς
1258 2512 1369 2591 τὴν
1430 2513 1602 2574 πόλιν
1660 2511 1964 2594 ἐνεχείρισε
2025 2512 2124 2574 καὶ
2187 2512 2292 2574 τὸν

267 2600 445 2683 ὄχλον
493 2602 724 2663 διαιτᾶν
768 2600 869 2663 καὶ
914 2601 1178 2664 διοικεῖν.
1237 2624 1290 2664 98
1311 2620 1343 2663 Β

414 2778 445 2827 5
485 2772 584 2827 cfr.
624 2772 698 2827 ad
735 2771 847 2826 sch.
881 2770 943 2826 Ο.
971 2771 1066 2840 VI,
1099 2777 1201 2828 130
1348 2779 1413 2827 11
1452 2773 1566 2827 sch.
1604 2771 1708 2826 BT
1746 2774 1809 2826 H
1834 2777 1933 2826 '717

301 2957 305 2964 ·
415 2940 442 2988 1
483 2933 892 3002 προειρήκει-
912 2937 944 2986 2
972 2930 1112 2996 Διός
1148 2948 1254 2986 om.
1285 2932 1504 2998 cufim
1548 2931 1751 2987 seclusi
1795 2934 1814 3002 ΙΙ
1860 2932 2033 2987 αὐτὸν
2070 2931 2289 2990 GDEss:

269 3007 448 3060 αὐτοῦ
479 3007 562 3061 Βν
619 3004 793 3058 αὑτοῦ
829 3002 984 3058 Beck
1127 3009 1158 3058 9
1197 3002 1421 3058 ἐκάλεσε
1458 3002 1553 3059 1)ss
1602 3005 1611 3073 Ι
1640 3003 1709 3058 ἰσ.
1752 3003 1917 3072 ἔμμεν
1954 3019 2059 3058 om.
2101 3003 2295 3060 00Εο

382 3081 450 3130 10
481 3071 608 3148 οὖν]
639 3071 741 3131 οὖν
769 3073 799 3129 6
829 3073 1049 3142 Λοκρὸς
1078 3077 1160 3131 Βν
1186 3077 1206 3145 ΙΙ
1234 3074 1432 3147 αὐτὸν]
1462 3075 1567 3129 αὐτ
1664 3091 1801 3143 φησι
1832 3076 1914 3129 Βν
2016 3079 2078 3127 11
2110 3074 2292 3128 καὶ-

271 3154 339 3204 15
378 3147 678 3216 Δύμαντος
710 3148 843 3216 post
879 3150 990 3200 960
1028 3145 1066 3202 G
1226 3152 1292 3200 13
1330 3148 1562 3200 καλοῦσι
1598 3145 1705 3202 nv:
1745 3148 1905 3200 καλεῖ
1939 3147 2081 3201 8οΕ
2124 3148 2145 3214 ΙΙ
2190 3141 2294 3200 οὖν
2361 3191 2367 3197 .

271 3217 493 3274 GDEss.
539 3226 679 3288 γοῦν
722 3220 807 3274 BV
972 3222 1038 3272 16
1084 3217 1121 3270 l
1163 3219 1198 3272 Ε
1237 3218 1295 3271 et
1337 3231 1545 3286 praem.
1586 3217 1762 3281 ἄλλως
1798 3216 1863 3273 ss.
1902 3215 2042 3307 μάτρ
2012 3235 2129 3284 ρωα
2168 3215 2294 3270 ἐκά-

270 3291 460 3344 λεσσεν
490 3290 530 3344 Β
539 3239 627 3344 yet
659 3304 866 3358 praem.
897 3287 1124 3352 άλλωςν
1251 3293 1316 3342 17
1342 3285 1736 3357 Αμφικτίωνος
1764 3287 1822 3344 (1¹
1848 3286 2117 3360 (Φύσκον
2147 3285 2293 3359 τοῦ)

266 3355 408 3427 Ἀμφ
412 3378 514 3412 ικτ.
553 3360 620 3429 ej.
661 3357 968 3414 Schroeder
1004 3359 1078 3412 ad
1113 3377 1191 3413 vs
1221 3364 1306 3426 56,
1356 3357 1607 3413 cLEust.
1645 3357 1708 3412 11.
1741 3363 1975 3425 27‘1‚19.
2022 3356 2290 3424 Plut.qu.

274 3377 467 3483 Graec.
501 3435 564 3484 15
609 3435 630 3502 ΙΙ
673 3430 850 3522 Διὸς]Ῑ
870 3428 1262 3494 Δευκαλίωνος
1298 3431 1366 3500 ej.
1405 3429 1557 3484 Beck
1712 3435 1778 3484 18
1814 3429 1878 3483 τὸ
1916 3445 2021 3482 om.
2063 3426 2152 3483 En

277 3504 342 3553 19
381 3492 425 3571 ᾧ
463 3499 752 3572 ὁμώνυμος
787 3521 950 3563 ουτος
988 3504 1098 3570 Βν,
1141 3519 1245 3556 om.
1285 3503 1383 3556 καὶ
1420 3502 1478 3555 et
1515 3501 1661 3555 ἐστιν
1843 3505 1909 3552 22
1950 3493 2291 3567 ἐνεχείρησεν

390 3552 558 3625 241.
599 3590 704 3628 om.
745 3571 1094 3644 ΒΙΙπόλιςῠ
2268 3621 2273 3626 .

1980 3657 1986 3665 ἱ
2360 3649 2367 3662 ὃ

1873 3659 1935 3708 19
1948 3655 1975 3684 *
2031 3669 2046 3683 a
2106 3673 2111 3682 0

1984 3693 1987 3702 .
2040 3702 2055 3716 a
2095 3701 2103 3710 ,
2136 3684 2149 3699 1
2257 3683 2275 3724 ί)
