2646 3882
1150 221 1451 278 Praefatio.
2198 221 2329 274 XIII

292 393 726 452 Vaticanorum
784 393 847 449 et
899 389 1283 449 Ambrosiam
1340 389 1749 449 communibus
1803 389 1861 450 A
1917 410 2037 449 non
2094 408 2328 467 semper

298 501 434 540 cum
478 481 557 554 B,
613 481 717 540 sed
772 499 948 558 saepe
1004 499 1138 538 cum
1197 481 1408 538 ceteris
1464 480 1627 538 facit.
1707 479 1921 554 Itaque
1974 482 2040 538 in
2085 481 2325 540 scholiis

293 570 608 628 Vaticanis
671 568 1042 628 recensendis
1117 587 1248 626 eam
1315 570 1509 646 legem
1580 569 1775 642 tenui,
1846 571 1916 627 ut
1979 587 2327 629 consensum

297 657 504 727 GDEQ
553 677 664 734 pro
718 658 1106 716 fundamento
1159 656 1439 717 haberem
1493 676 1601 716 nec
1654 658 1936 716 lectiones
1996 659 2326 736 singulares

293 749 516 808 codicis
552 747 606 804 B
651 748 772 806 nisi
814 747 920 805 ubi
956 747 1159 823 aperte
1205 746 1457 805 meliora
1492 746 1804 822 praeberet
1847 747 2188 822 reciperem,
2235 749 2328 806 sin

298 840 500 896 autem
549 837 627 895 ad
671 836 722 894 B
771 836 924 894 alius
971 836 1170 909 codex,
1214 837 1280 894 in
1323 837 1535 911 primis
1582 835 1651 908 E,
1698 835 2021 908 accederet,
2064 836 2327 911 reliquos

294 925 731 1004 posthaberem.
835 925 909 982 In
972 925 1270 984 lemmatis
1346 925 1585 999 quidem
1658 924 2053 984 describendis
2128 927 2189 984 et
2251 927 2327 985 si-

295 1014 541 1074 milibus
605 1014 780 1072 rebus
835 1013 1163 1072 minoribus
1227 1012 1715 1072 administrandis
1779 1016 1969 1072 certas
2023 1014 2183 1091 leges
2237 1016 2328 1072 in·

295 1105 494 1162 veniri
556 1121 727 1178 posse
783 1104 1024 1161 omnino
1079 1103 1406 1178 desperavi.
1505 1100 1780 1160 Ceterum
1834 1104 1897 1161 in
1946 1103 2183 1162 scholiis
2231 1104 2329 1162 de-

297 1192 626 1252 scribendis
672 1211 790 1250 non
837 1209 942 1250 ean
951 1192 1084 1250 dem
1129 1191 1507 1268 diligentiam
1562 1193 1623 1250 et
1660 1191 2088 1250 'verecundiam
2132 1192 2328 1251 obser-

299 1284 508 1342 vatam
555 1299 696 1355 esse,
743 1299 924 1355 quam
967 1282 1033 1338 in
1068 1283 1238 1340 textu
1284 1280 1427 1340 boni
1463 1280 1703 1356 quidem
1746 1281 1983 1340 librarii
2024 1283 2329 1356 praestare

299 1371 512 1444 solent,
570 1371 796 1428 nemini
849 1371 1122 1448 ignotum
1181 1372 1286 1428 est.
1387 1368 1603 1445 Itaque
1662 1372 1723 1428 et
1787 1370 1931 1444 quid
1994 1372 2328 1444 antiquitus

302 1461 490 1519 fuerit
514 1460 830 1535 permultis
858 1459 1003 1518 locis
1032 1459 1300 1536 dignosci
1328 1461 1569 1517 omnino
1596 1460 1823 1533 nequit,
1861 1461 1923 1518 et
1946 1459 2011 1517 in
2040 1459 2328 1536 eligendO,

297 1548 627 1621 reiciend0‚
691 1550 860 1606 textu
923 1548 1335 1608 constituendo
1400 1547 1515 1608 sibi
1578 1551 1847 1608 constare
1911 1547 2154 1608 difficile
2214 1551 2329 1623 est3

302 1657 422 1714 qua
458 1639 522 1695 in
559 1656 624 1695 re
661 1656 768 1696 nec
804 1637 955 1696 mihi
991 1637 1254 1696 satisfeci
1289 1655 1397 1696 nec
1436 1637 1569 1696 aliis
1605 1655 1699 1694 me
1738 1637 2093 1697 satisfecisse
2129 1638 2329 1712 credo3

304 1746 340 1785 a
385 1728 596 1802 peritis
643 1727 880 1784 veniam
926 1726 1193 1801 aliquam
1235 1727 1696 1801 impetraturum
1741 1744 1929 1802 spero.

438 1815 812 1874 Scholiorum
870 1818 1138 1874 veterum
1199 1817 1464 1874 recensio
1526 1817 1764 1891 praeter
1827 1815 2054 1875 codices
2116 1816 2330 1890 quibus

301 1906 436 1981 ipsa
497 1904 726 1963 tradita
787 1906 928 1963 sunt
993 1905 1174 1963 etiam
1238 1907 1834 1964 commentatores
1898 1906 2330 1965 recentioris

305 1996 602 2068 aetatis,
638 1994 744 2069 qui
778 1995 854 2053 iis
883 1994 1121 2053 scholiis
1149 1996 1245 2053 usi
1271 1997 1429 2068 sunt,
1455 1996 1748 2070 respicere
1776 1994 1965 2053 debet.
2030 1996 2079 2071 (Γ
2089 1995 2331 2054 homas

305 2085 463 2141 enim
516 2083 868 2160 Magister
923 2084 983 2141 et
1027 2083 1424 2143 Triclinius
1482 2084 1546 2141 in
1592 2083 1786 2143 verbis
1845 2083 2092 2143 Pindari
2150 2086 2331 2142 inter·

305 2172 612 2250 pretandis
667 2173 886 2231 nostris
941 2172 1179 2231 scholiis
1233 2174 1459 2246 passim
1515 2174 1606 2231 ita
1658 2174 1753 2231 usi
1798 2175 1962 2246 sunt,
2016 2174 2087 2231 ut
2141 2192 2212 2231 ea
2258 2173 2335 2231 ad

304 2260 552 2321 verbum
598 2260 720 2319 fere
765 2262 1116 2336 repeterent.
1210 2259 1328 2319 Sed
1374 2279 1506 2319 cum
1560 2262 1771 2318 neuter
1825 2279 2029 2319 eorum
2074 2262 2333 2319 meliori-

304 2349 414 2409 bus
480 2349 780 2409 codicibus
845 2368 1025 2423 quam
1088 2368 1236 2425 quos
1298 2347 1475 2408 hodie
1537 2348 1819 2408 habemus
1882 2367 2021 2408 usus
2086 2351 2191 2423 sit,
2257 2350 2334 2408 ad

304 2440 536 2497 textum
600 2438 1077 2497 constituendum
1138 2458 1357 2514 parum
1420 2438 1748 2497 adiumenti
1813 2437 2085 2498 afferunt.
2179 2438 2333 2498 Item

307 2526 390 2586 Is.
431 2527 749 2601 Tzetzes,
797 2526 937 2585 dum
973 2524 1196 2587 scholia
1231 2529 1481 2586 metrica
1517 2526 1581 2585 in
1616 2546 1821 2587 versus
1856 2527 2094 2605 redigit,
2134 2528 2333 2588 codice

306 2636 446 2675 usus
494 2618 586 2675 est
620 2617 813 2675 nostri
857 2614 905 2684 Q
955 2617 1275 2675 simiUimO.
1359 2616 1699 2675 Eorundem
1735 2617 2093 2675 scholiorum
2128 2620 2331 2678 metri-

306 2724 510 2765 corum
557 2705 876 2765 Triclinius
921 2724 1138 2764 novam
1185 2706 1350 2765 dedit
1401 2707 1803 2765 recensionem
1858 2707 1919 2764 et
1964 2706 2256 2781 quaedam
2302 2726 2334 2765 e

307 2813 412 2854 suo
457 2794 699 2872 ingenio
755 2796 914 2853 recte
960 2795 1312 2854 emendavit.
1360 2826 1451 2835 —
1494 2795 1740 2853 Praeter
1784 2794 2147 2870 Byzantinos
2193 2796 2332 2854 Pin-

307 2882 438 2941 dari
484 2885 976 2943 commentatores
1033 2886 1214 2942 etiam
1260 2884 1300 2941 J
1311 2903 1362 2942 o.
1402 2884 1692 2943 Tzetzes
1746 2886 1810 2941 in
1856 2886 2039 2943 variis
2097 2886 2333 2960 scriptis

309 2974 429 3031 suis
476 2974 698 3031 nostris
744 2970 982 3031 scholiis
1027 2992 1166 3032 usus
1215 2976 1330 3047 est3
1377 2973 1543 3031 cuius
1587 2973 1747 3031 locos
1790 2973 2104 3048 plerosque
2152 2974 2333 3033 debeo

307 3060 673 3119 humanitati
733 3060 1078 3136 Scheerii‚
1144 3064 1248 3137 qui
1307 3082 1378 3121 ex
1437 3064 1621 3138 copiis
1682 3064 1804 3121 suis
1870 3081 2023 3137 quae
2080 3064 2145 3121 in
2208 3082 2335 3121 rem

309 3250 522 3318 ar‚guit
558 3249 941 3319 locupletatae
978 3252 1034 3304 et
1070 3247 1104 3318 ἢ
1143 3250 1203 3303 in
1240 3250 1474 3319 νικήσας
1516 3253 1734 3306 mutato
1782 3252 1855 3305 ad
1907 3250 2335 3304 similitudinem

309 3320 444 3374 iusti
482 3320 686 3375 scholii
727 3327 826 3375 132
848 3321 885 3375 b
922 3322 1186 3376 redactae
1225 3324 1369 3376 sunt.
1408 3354 1476 3361 —
1517 3322 1641 3376 Sch.
1665 3323 1725 3377 Ο.
1747 3322 1876 3375 XIII
1916 3329 2016 3376 116
2038 3339 2069 3376 e
2107 3324 2179 3390 (p.
2213 3327 2333 3387 380,

311 3398 392 3445 20.
424 3396 514 3461 21)
564 3392 771 3461 ὀμόσας
816 3391 877 3445 in
923 3392 953 3447 ὁ
1000 3392 1194 3461 μέγας,
1242 3390 1571 3460 ἐπικουρίαν
1618 3395 1681 3447 in
1730 3391 2021 3479 ἐπιορκίαν
2073 3409 2233 3445 corru
2275 3394 2335 3444 ta

309 3466 469 3518 erant
506 3462 738 3533 (ὀμόσας
780 3466 973 3518 tamen
1010 3466 1368 3518 servaverunt
1405 3464 1544 3533 EQ);
1596 3464 1789 3552 itaque
1835 3464 1880 3516 B
1928 3459 2000 3517 δι’
2043 3462 2236 3528 ἐπιορκ
2263 3480 2335 3513 αν

303 3530 549 3603 Ἀθηνᾶς
601 3536 664 3588 in
710 3532 781 3589 δι’
834 3534 1126 3602 ἐπιορκίαν
1163 3533 1429 3604 θέμενος,
1486 3532 1555 3588 δι’
1600 3532 1839 3603 Ἀθηνᾶς
1882 3532 2149 3597 mutavit,
2208 3548 2335 3583 cum

313 3606 482 3661 ceteri
520 3604 589 3659 δι’
635 3603 930 3675 ἐπιορκίαν
968 3606 1302 3676 simpliciter
1336 3607 1659 3661 retinerent.
