2646 3882
361 188 493 253 296
1258 187 1484 243 Scholia

146 373 406 431 memte
502 352 1194 435 ι221ο.ἀμφιιαφὴς
1258 353 1321 416 δὲ
1387 355 1695 435 δύναμις
1759 352 2075 435 ἕσποιτοε
2139 354 2269 435 ἐμοὶ
2325 353 2398 417 δὲ

362 443 677 525 παρέποιτο
722 442 787 505 ἐν
841 450 963 518 τοῖς
1008 444 1203 527 λόγοις
1258 441 1410 523 ὁμοῦ
1456 440 1564 523 μὲν
1619 443 1924 523 εὐτολμία,
1980 442 2131 524 ὁμοῦ
2178 442 2241 505 δὲ
2287 443 2400 507 καὶ

364 533 640 610 δαψίλειά
683 556 771 606 τις
816 533 1141 614 δυναμέως.
1203 552 1354 596 119⁶8

150 639 362 695 13an0
500 624 694 683 1220.
768 620 833 683 τὸ
898 618 961 683 δὲ
1024 620 1445 701 ἀμφιλαφής
1507 620 1654 683 κατὰ
1717 618 2110 702 ἀντιστοιχίαν
2164 622 2400 702 εἴρηται

311 996 343 1039 Α

362 710 509 772 κατὰ
553 708 696 784 ἔθος
731 720 849 772 τῶν
877 709 1256 773 Μακεδόνων
1292 709 1602 791 μεταθέσει
1639 720 1743 773 τοῦ
1790 706 1832 791 Β
1867 711 1950 783 εἰς
1988 714 2069 789 ᾧ·
2117 709 2238 772 ἔστι
2273 710 2394 792 γὰρ
2451 733 2481 773 5

363 798 821 880 ἀμφιλαβής,ο
788 795 819 821 “
877 798 1032 862 ἔστιν
1078 798 1438 882 ἀμφοτέραις
1491 802 1693 881 λαβεῖν
1738 805 1864 871 ταῖς
1907 800 2122 881 χερσίν.
2213 809 2396 862 τοῦτο

366 886 429 951 δὲ
474 887 571 950 ἐπὶ
614 888 890 966 πλήθους
936 890 1265 969 συμβαίνει.
1331 912 1411 951 120
1429 907 1461 950 Β

504 981 702 1039 1238.
771 978 969 1062 ξενία
1025 971 1082 1038 δ’
1124 976 1362 1063 ἀρετᾷ.
1418 974 1498 1050 ὧς
1553 977 1774 1039 οἰκείου
1831 974 2002 1051 ὄντος
2055 986 2160 1039 τοῦ
2215 982 2397 1057 Λαμ-

367 1067 672 1149 προμάχου
736 1065 886 1145 πρὸς
939 1065 1044 1127 τὸν
1092 1060 1507 1147 Ἐφάρμοστον
1570 1064 1669 1127 διὰ
1728 1064 2173 1148 Λαμπρόμαχόν
2238 1083 2396 1147 φησι

367 1153 671 1238 γεγονέναι
728 1154 833 1217 τὸν
897 1154 1166 1218 ἐπίνικον
1228 1154 1333 1217 καὶ
1395 1149 1475 1216 δι’
1515 1152 1595 1234 ἣν
1647 1148 1805 1235 εἶχον
1859 1155 2176 1233 προξενίαν
2239 1155 2396 1235 πρὸς
2426 1176 2480 1217 ιο

368 1244 565 1306 αὐτόν.
701 1244 756 1305 b.
802 1246 1144 1326 τιμάορος
1190 1242 1254 1305 δὲ
1299 1237 1464 1306 εἶπεν
1509 1242 1640 1305 ἀντὶ
1683 1253 1790 1306 τοῦ
1835 1242 2078 1324 τιμητὴς
2114 1242 2396 1324 ἐσόμενος

367 1358 467 1395 και
511 1342 696 1413 τιμῶν
743 1332 839 1396 διὰ
885 1343 991 1413 τῆς
1036 1330 1245 1414 ἀρετῆς
1280 1342 1387 1395 τοῦ
1425 1334 1643 1414 ὕμνου,
1687 1330 1768 1405 ὡς
1804 1343 1910 1395 τοῦ
1938 1333 2394 1414 Λαμπρομαχου

368 1421 468 1484 καὶ
516 1415 926 1503 Ἐφαρμόστου
982 1421 1378 1501 νενικηκότων
1415 1418 1660 1502 Ἴσθμια
1721 1431 1792 1505 τῇ
1847 1421 1996 1506 αὐτῇ
2050 1418 2241 1505 ἡμέρᾳ
2293 1420 2396 1483 καὶ

371 1509 589 1590 Νέμεα.
681 1510 823 1589 μετὰ
887 1508 950 1571 δὲ
1008 1521 1190 1572 ταῦτα
1241 1509 1343 1572 καὶ
1404 1508 1549 1571 ἄλλα
1605 1509 1696 1583 δὶς
1751 1507 2021 1588 ἐνίκησεν
2059 1506 2306 1591 Ἴσθμια
2362 1507 2394 1572 6

366 1594 788 1680 Ἐφάρμοστος.

162 1705 370 1761 uento
487 1690 702 1748 1.230
767 1689 1106 1772 προξενία
1162 1681 1219 1748 δ’
1261 1685 1470 1797 ἀρετᾷ
1524 1682 1577 1749 τ’
1617 1684 1926 1766 ήλυθονε
1979 1687 2262 1768 πρόξενος
2313 1680 2394 1769 ἧν

378 1776 661 1857 Θηβαίων
706 1776 1179 1885 Λαμπρόμαχος,
1239 1770 1320 1838 δι’
1362 1772 1436 1838 ὂν
1489 1774 1708 1859 ἔγραψε
1762 1775 1872 1855 τὴν
1929 1769 2094 1861 ᾠδὴν
2147 1777 2395 1855 ταύτην·

372 1858 450 1947 ἦν
511 1861 574 1927 δὲ
632 1863 733 1925 καὶ
797 1858 1214 1946 Ἰσθμιονίκης.
1308 1866 1559 1927 δύναται
1622 1862 1686 1927 δὲ
1749 1864 1850 1927 καὶ
1912 1874 2018 1927 τοῦ
2082 1865 2396 1948 Πινδάρου

176 1973 300 2019 But
320 1974 354 2030 0
381 1953 664 2034 πρόξενος
709 1948 877 2016 εἶναι.
910 1948 921 2040 Ι
951 1953 1103 2035 ὁμρῦ
1150 1953 1213 2016 δὲ
1259 1956 1640 2034 νενικήκασιν
1672 1950 1914 2034 Ἴσθμια
1949 1953 2050 2016 καὶ
2086 1954 2290 2034 Νέμεα
2325 1965 2396 2040 τῇ

377 2043 526 2130 αυτῇ
572 2040 760 2128 ἡμέρα
807 2043 984 2118 αὐτὸς
1028 2044 1127 2106 καὶ
1175 2041 1207 2105 6
1238 2039 1660 2125 Ἐφάρμοστος.
1736 2043 1877 2123 μετὰ
1924 2042 1988 2105 δὲ
2024 2053 2206 2106 ταῦτα
2249 2041 2396 2105 αλλα
2425 2065 2480 2104 20

222 2116 346 2207 ὀεο

375 2131 467 2206 δις
533 2133 840 2211 νενίκηκεν
882 2130 1128 2213 Ἴσθμια
1192 2130 1224 2195 6
1280 2128 1703 2214 Ἐφάρμοστος.
1866 2133 1922 2193 ἆ.
1985 2134 2264 2218 προξενία
2325 2143 2398 2219 τῇ

164 2240 373 2296 acuto
400 2222 586 2306 φιλία.
723 2243 771 2283 e.
817 2221 881 2284 τὸ
929 2220 992 2283 δὲ
1037 2221 1173 2302 ἑξῆς
1219 2223 1407 2295 οὕτως
1452 2221 1587 2302 ἔχει·
1647 2219 1745 2282 δια
1791 2217 1856 2282 δὲ
1900 2219 2010 2300 τὴν
2056 2222 2399 2303 προξενίαν,

373 2309 631 2372 τουτέστι
692 2309 801 2390 τὴν
864 2313 1104 2391 φιλίαν,
1166 2310 1267 2372 καὶ
1329 2310 1439 2389 τὴν
1503 2308 1718 2392 ἀρετὴν
1783 2333 1891 2372 του
1946 2311 2398 2393 Λαμπρομάχου

375 2392 571 2478 ἦλθον
615 2397 919 2480 ἐπαινέτης
962 2409 1081 2461 τῶν
1126 2398 1193 2462 ἐν
1237 2405 1316 2484 τῷ
1357 2393 1580 2510 Ἰσθμῷ
1626 2408 1878 2480 μιτρῶν,
1930 2397 2018 2460 ὅτι
2063 2399 2211 2461 κατὰ
2255 2401 2400 2480 μίαν

2427 1620 2478 1661 15

376 2484 603 2568 ἡμέραν
651 2489 714 2548 οἷ
754 2489 863 2551 δυο
901 2488 1203 2568 ἐνίκησαν,
1251 2487 1282 2550 6
1331 2485 1439 2568 μὲν
1474 2483 1880 2569 Ἐφᾶρμοστος
1911 2481 2217 2568 Ὀλυμπια,
2264 2485 2296 2549 6
2336 2485 2399 2550 δὲ
2427 2509 2480 2550 25

521 2641 803 2695 4—7101.
842 2641 1304 2710 Baohm.81‚13.
1351 2640 1468 2695 ΕΜ
1506 2646 1592 2708 91,
1621 2647 1704 2694 21.
1753 2640 1859 2695 EG
1894 2645 1982 2709 48,
2013 2646 2095 2696 47.
2147 2641 2298 2698 Suid.

524 2790 553 2837 1
591 2783 627 2837 1.
661 2785 721 2838 Ε·
752 2782 927 2848 ἄλλως
946 2786 1028 2840 BV
1064 2782 1397 2854 ἀμφιλαφής
1424 2783 1461 2839 0
1499 2785 1636 2854 ἀμφ.
1667 2781 1733 2839 δέ
1761 2785 1800 2838 D
1838 2785 1979 2853 ἀμφ.
2009 2782 2073 2839 δὲ
2101 2783 2403 2853 δυναμιςῦ

523 2860 554 2908 2
594 2854 656 2909 ἐν
690 2874 736 2908 τ.
774 2858 819 2909 λ.
848 2875 964 2924 παρ
968 2853 1157 2910 έποιτο
1197 2855 1376 2925 06))11
1404 2853 1546 2924 ὁμοῦ
1573 2853 1674 2924 μὲν
1711 2854 1986 2924 εὐτόλμως
2025 2856 2062 2910 Ι)
2119 2854 2154 2924 ἡ
2193 2859 2404 2909 Μοῦσα

380 2923 654 2996 εὐτόλμως
690 2926 727 2981 G
769 2927 788 2995 ΙΙ
833 2926 895 2982 δὲ
943 2927 1043 2981 καὶ
1087 2926 1253 2983 cufi:
1300 2927 1365 2983 δὲ
1414 2925 1549 2982 an
1726 2932 1761 2979 4
1807 2921 2191 2995 ἀντιστοιχίαν
2238 2927 2403 2981 3⁶¹³!-

379 2994 787 3068 ἀντιστοίχειαν
834 2997 872 3054 G
936 2993 1219 3068 ἀντιστοιχ
1222 3019 1294 3053 αν
1342 2999 1381 3052 D
1445 2993 1887 3082 ἀντίστοιχ(ον)-
1878 2997 1920 3054 ss
1983 2994 2265 3067 ἀντιστοίχ
2267 3016 2338 3051 ου
2372 3011 2404 3052 v

526 3073 557 3122 5
593 3077 705 3123 τῶν
742 3086 847 3123 om.
891 3071 973 3125 Βν
1000 3071 1019 3138 ΙΙ
1046 3018 1346 3139 μετάθεσις
1382 3068 1422 3125 ss
1449 3069 1468 3138 ΙΙ
1504 3069 1562 3141 β]
1599 3075 1644 3122 ’ὦ
1685 3069 1770 3124 Ειό
1795 3070 1887 3137 11
1843 3088 1886 3138 φ
1917 3067 2088 3124 Bcss:
2125 3068 2275 3123 τὸ-
2314 3069 2405 3123 ΒΕ

524 3145 555 3193 6
594 3140 632 3193 6
673 3139 914 3212 φιλαβήῖ
951 3140 1114 3197 CER:
1152 3137 1466 3229 ἀμφιλαβές
1502 3142 1636 3195 Βῠν
1671 3142 1691 3208 ΙΙ
1734 3147 1854 3204 τοῖς
1892 3141 1928 3194 Ε
2073 3145 2102 3192 ’1
2141 3142 2216 3194 πλ

379 3209 586 3276 πλήθει
670 3211 795 3265 xfin.
933 3217 965 3265 8
1004 3210 1206 3300 ἀρετά
1306 3216 1373 3264 10
1409 3210 1473 3264 ft.
1515 3206 1597 3281 εἶχ
1599 3230 1626 3266 ε
1754 3216 1821 3265 14
1859 3209 1996 3264 ἄλλα
2033 3209 2123 3274 δὶς
2162 3212 2193 3265 Ι)
2231 3227 2302 3264 ex
2339 3153 2406 3265 Vt

383 3279 578 3344 αλυδις
696 3287 763 3335 16
791 3282 960 3354 ἀρετῇ
992 3283 1081 3338 ΕΠ
1107 3285 1127 3352 ΙΙ
1153 3278 1206 3336 τ’
1229 3279 1446 3349 ἤλυθον
1474 3298 1583 3336 om.
1615 3282 1705 3338 01)
1817 3287 1987 3336 1617
2015 3279 2307 3370 πρόμαχος
2334 3275 2408 3351 ἦν

388 3352 637 3421 Θηβαῖος
662 3359 726 3406 Λ.
748 3354 804 3407 Ε
914 3359 980 3408 17
1009 3360 1229 3422 Λαμπρ.
1260 3369 1368 3408 om.
1401 3354 1438 3408 D
1467 3353 1486 3422 ΙΙ
1510 3351 1613 3422 τὴν
1642 3370 1748 3407 om.
1780 3353 1817 3408 Ε
1928 3357 1992 3404 19
2031 3348 2378 3477 νενίκησανυ
2365 3354 2404 3407 D

382 3419 538 3475 νενίκ
539 3441 685 3490 ηκαν
727 3425 762 3478 Ε
925 3430 992 3478 20
1031 3425 1127 3478 καὶ
1164 3423 1220 3496 6]
1258 3424 1357 3477 καὶ
1395 3425 1434 3478 Ι)
1487 3443 1546 3478 τε
1543 3373 1681 3476 ηκαὶ
1718 3423 1759 3480 0.
1923 3427 1989 3475 21
2027 3420 2258 3488 προξενί

385 3491 582 3554 ἄλλως·
622 3491 891 3569 προξενία
927 3493 981 3550 δ’
1017 3496 1184 3565 ἀρετῇ
1221 3513 1280 3549 τε
1321 3496 1358 3549 Ε
1409 3513 1502 3561 πρ.
1533 3491 1590 3548 δ’
1623 3495 1794 3568 ἀρετᾷ
1833 3492 1873 3549 ss
2053 3497 2120 3545 22
2159 3491 2224 3547 δὲ
2259 3424 2405 3563 aaliz.)

384 3577 491 3616 om.
524 3565 563 3618 D
709 3569 777 3617 24
812 3582 913 3634 pro
951 3574 1157 3635 μιτρῶν
1192 3565 1297 3619 lac.
1340 3567 1380 3621 Β
2019 3613 2024 3619 .
