2646 3882
339 245 424 322 70
1231 257 1459 313 Scholia.

336 424 659 488 ἀδύνατον·
707 424 848 498 ἴσως
895 422 958 486 δὲ
995 424 1158 504 λήθη
1193 417 1271 485 ἄν
1306 447 1395 498 τις
1430 421 1657 505 γένοιτο
1692 432 1813 486 τῶν
1846 432 2070 503 κακῶν,
2115 420 2353 504 οήιαθῆς

330 515 548 596 μοίρας
593 511 1032 594 διαδεξαμένης.
1097 537 1150 576 34
1178 531 1388 587 coeno

279 622 312 666 Α
462 606 556 664 ’32
573 624 626 664 a..
683 600 715 663 6
751 603 1035 664 πάντων
1070 602 1323 682 πατήρε
1360 601 1426 664 τὸ
1454 602 1705 680 φθάσαν
1734 597 2015 682 γενέσθαι
2050 599 2352 662 ἀδύνατον

334 691 796 772 ἆπαλειφθῆναι.
887 689 1101 764 ἄλλως·
1159 691 1231 752 οὔ
1277 689 1539 752 δυνατὸν
1580 689 1692 772 γὰρ
1738 689 2025 768 ἀποίητον
2068 687 2352 771 γενέσθαι

335 829 347 841 .
378 828 392 840 .
425 830 436 840 .
552 782 608 840 b.
657 828 670 841 .
703 829 716 840 .
747 828 760 841 .
807 779 878 841 τὰ
931 779 1269 862 πραχθέντα
1321 779 1434 842 εἴτε
1488 780 1733 852 δικαίως
1788 779 1899 840 εἴτε
1945 777 2165 851 ἀδίκως
2212 771 2345 840 οὐδ’
2408 799 2433 842 5

331 867 409 930 ἂν
455 867 488 930 6
534 870 775 930 πάντων
815 868 1007 950 πατὴρ
1055 869 1363 950 δυνηθείη
1387 867 1623 950 χρόνος·
1670 867 1871 947 λήθην
1908 865 2109 948 μέντοι
2144 866 2351 940 ἱκανὸς

330 957 606 1039 ἐμβαλεῖν
649 959 795 1044 τύχῃ
842 958 957 1020 σὺν
1000 955 1228 1043 ἀγαθῇ·
1274 963 1499 1039 φθερεῖ
1534 954 1599 1018 δὲ
1644 966 1762 1018 τῶν
1798 955 2045 1038 ἀγαθῶν
2080 957 2349 1038 πραγμά-

330 1061 472 1109 τωνΙ
500 1044 540 1126 ἡ
595 1047 742 1129 χαρὰ
796 1055 915 1108 τῶν
973 1045 1210 1109 ἀτόπων
1262 1045 1366 1119 τὰς
1421 1047 1675 1127 βλάβας,
1731 1045 1874 1107 ὅταν
1926 1045 2105 1106 πάλιν
2150 1045 2349 1106 εὐδαι-

329 1136 509 1216 μονία
551 1134 962 1217 παραγένηται.

117 1241 325 1287 Βουεκ
421 1228 564 1287 ·31.
654 1218 805 1287 οὐδ’
865 1222 952 1285 ἂν
1009 1224 1264 1305 χρόνος
1329 1221 1361 1284 6
1424 1225 1711 1286 πάντων
1772 1223 2029 1305 πατήρε
2102 1229 2221 1284 τῶν
2283 1219 2349 1283 δὲ
2378 1244 2433 1286 1⁰

324 1311 750 1396 πεπραγμένων
794 1311 980 1394 ἔργων
1025 1311 1091 1374 τὸ
1137 1311 1298 1386 τέλος
1343 1311 1633 1392 ἀποίητον
1683 1311 1783 1373 καὶ
1829 1309 2115 1394 ἀγένητον
2158 1308 2349 1390 θέμεν

325 1395 458 1464 οὐδ’
499 1401 577 1463 ἂν
625 1399 657 1462 6
703 1402 942 1464 πάντων
995 1400 1188 1483 πατὴρ
1241 1401 1454 1482 χρόνος
1509 1402 1782 1480 δύναιτο,
1828 1394 1955 1461 ἀλλ’
1996 1398 2153 1461 ἔστιν
2198 1398 2349 1462 ἀδύ-

130 1508 295 1553 Βοεκ
322 1513 522 1553 νατον.
563 1491 572 1567 Ι
613 1489 714 1552 καὶ
739 1487 1001 1573 Ὅμηρος
1047 1484 1116 1574 (Ι
1148 1485 1335 1573 249)‘

1547 1593 1687 1658 οὐδέ
1729 1619 1787 1656 τι
1832 1603 2017 1676 μῆχος

483 1681 813 1766 ῥεχθέντος
857 1695 1045 1748 κακοῦ
1091 1679 1210 1746 ἔστ’
1248 1683 1395 1758 ἄκος
1440 1685 1660 1767 εὑρεῖν·
1696 1683 1853 1746 ’ἀλλὰ
1897 1684 2051 1746 πολὺ
2094 1683 2237 1767 πρὶν
2378 1705 2429 1748 16

499 1775 835 1856 φράζεσθαί
875 1767 932 1835 σ’
972 1772 1189 1856 ἄνωγα.
1265 1785 1345 1836 29‘l
1373 1792 1537 1837 01)εῆ

265 1918 298 1963 Α
363 1917 368 1936 ³
460 1901 542 1961 34
565 1920 616 1962 a.
681 1900 873 1962 λάθα
931 1896 1030 1961 δέε
1099 1909 1204 1962 τοῦ
1264 1897 1329 1961 δὲ
1382 1908 1571 1962 κακοῦ
1625 1897 1787 1979 λήθη
1839 1891 2052 1981 γένοιτ’
2103 1895 2179 1960 ἂν
2234 1891 2341 1973 ’ἀπ’

323 1986 559 2069 ἀγαθοῦ
603 2012 766 2062 τινος
811 1986 1247 2070 ἐπιγινομένου·
1295 1988 1361 2050 τὸ
1405 1988 1527 2070 γὰρ.
1561 1989 1917 2069 παλίγκοτον
1952 1996 2122 2068 πῆμα
2156 1988 2347 2063 οὕτως

328 2075 406 2138 ἂν
451 2077 648 2157 μόνως
692 2076 1071 2156 ἀποθνῄσκοι
1113 2077 1405 2159 χάρματός
1450 2100 1612 2150 τινος
1656 2075 2085 2159 ἐπιγινομένου.

108 2184 323 2241 aeneo
418 2191 424 2197 ·
461 2170 544 2227 34
563 2169 634 2228 b..
683 2167 870 2228 λάθα
915 2164 989 2227 δὲ
1031 2162 1289 2247 γένοιτ’
1331 2164 1443 2229 ἅνε
1487 2176 1607 2228 τῶν
1651 2163 1716 2227 δὲ
1761 2175 1961 2229 κακῶν
2004 2164 2232 2245 γένοιτο
2266 2164 2347 2227 ἂν
2376 2188 2433 2228 2⁰

63 2278 67 2283 ·
97 2273 298 2330 Β(ο)Εο
326 2251 512 2334 λήθη,
557 2254 980 2336 διαδεξαμένης
1015 2255 1413 2335 εὐδαιμονίας.
1456 2248 1466 2338 Ι
1506 2252 1539 2318 ὃ
1576 2252 1640 2315 δὲ
1678 2253 1827 2337 λέγει
1861 2254 2131 2317 τοιοῦτόν
2163 2252 2347 2333 ἐστιν,

323 2344 414 2406 ὅτι
458 2345 519 2407 οἰ
559 2344 691 2425 περὶ
741 2344 997 2425 Θήρωνα
1049 2344 1113 2407 τὸ
1158 2342 1456 2406 ἀνέκαθεν
1510 2343 2039 2424 δεδυστυχήκασιν,
2091 2338 2217 2404 ἀλλ’
2259 2343 2347 2415 εἰς

319 2432 521 2512 λήθην
575 2426 771 2495 αὐτῶν
835 2432 1102 2509 ἐξέπεσεν
1153 2430 1193 2512 ἡ
1250 2434 1534 2513 δυστυχία
1599 2432 1699 2493 διὰ
1762 2432 1872 2511 τὴν
1934 2432 2345 2512 έπισυμβᾶσαν

321 2522 612 2603 εὐτυχίαν.

107 2627 349 2684 momen
401 2672 406 2681 ,
449 2614 536 2683 ,35
559 2633 612 2675 a.
677 2609 896 2673 ἐσλῶν
952 2610 1082 2692 γὰρ
1141 2610 1276 2672 ’ὑπὸ
1338 2611 1709 2691 χαρμάτων
1761 2620 1958 2690 πῆμα
2010 2607 2343 2694 θνᾴσκειε
2375 2632 2431 2673 25

315 2697 433 2760 ’ὑπὸ
487 2700 600 2780 γὰρ
652 2710 758 2780 τῆς
819 2709 1001 2781 χαρᾶς
1054 2708 1172 2761 τῶν
1248 2697 1652 2780 γεγενημένων
1716 2695 1965 2780 ἀγαθῶν
2026 2699 2092 2761 τὸ
2156 2697 2345 2768 κακὸν

465 2929 492 2976 1
533 2922 760 2993 γένηται
799 2926 835 2979 Ε
860 2927 886 2993 ΙΙ·
907 2932 1119 2991 καιρῶν
1149 2938 1178 2978 Ι·
1213 2924 1302 2993 (ex
1342 2925 1381 2978 Β
1418 2922 1567 2977 male
1604 2922 1752 2977 lecto
1764 2926 1809 2992 5²)
1919 2928 1953 2976 4
1990 2923 2345 2991 ἀπολειφθῆ-

317 3008 442 3048 ναιε
481 2992 784 3049 Schneider
807 2998 830 3065 ΙΙ
855 2994 1030 3059 ἄλλως
1067 2994 1172 3048 del.
1213 2994 1322 3049 vid.
1470 2998 1502 3047 5
1540 2994 1645 3047 lac.
1684 2993 1933 3049 indicavi
2078 2998 2109 3045 6
2150 2991 2348 3055 ἱκανὸς

320 3080 452 3135 ego:
491 3063 698 3128 ἱκανῶς
801 3072 806 3078 ’
859 3072 889 3120 ’1
931 3064 1196 3135 φθείρειῖ
1352 3070 1417 3119 10
1453 3064 1490 3118 l.
1532 3081 1637 3119 om.
1678 3063 1766 3121 OD
1824 3064 1853 3120 ὁ
1893 3064 2122 3119 πάντων
2158 3062 2345 3136 πατήρ

319 3153 425 3191 om.
457 3138 550 3191 -Bv
696 3143 759 3191 11
798 3135 1175 3207 πεπρωμένων
1215 3138 1251 3191 Ε
1277 3139 1296 3206 fl
1326 3137 1501 3205 ἔργων
1541 3138 1763 3192 Buta:
1804 3136 1980 3207 ἔργων
2018 3132 2253 3198 ἐνδίκως
2285 3154 2348 3190 τε

318 3207 417 3270 καὶ
443 3206 516 3276 μὴ
549 3207 586 3262 0
613 3210 640 3276 ΙΙ.
670 3206 978 3277 ἀγέννητον
1007 3209 1236 3265 θ’·οΕΗΙ·
1261 3211 1280 3277 ΙΙ
1306 3212 1504 3263 θεῖναι
1542 3205 1579 3263 0
1727 3213 1791 3261 12
1832 3203 1959 3261 οὐδ’
1993 3204 2066 3261 ἂν
2103 3226 2185 3277 χρ.
2218 3204 2249 3259 ό
2286 3219 2346 3262 π.

316 3296 376 3332 π.
407 3278 649 3332 δύναται
679 3282 714 3333 Ε
740 3282 760 3349 ΙΙ
787 3277 905 3334 ἀλλ’
940 3280 1089 3335 ἔστιν
1117 3278 1404 3335 ἀδύνατον
1435 3279 1602 3334 BER:
1632 3278 1773 3332 ἀλλὰ
1799 3278 2086 3333 ἀδύνατον
2116 3281 2199 3333 Βν
2236 3294 2345 3331 om.

320 3349 359 3406 0
397 3356 400 3359 ’
515 3355 580 3403 14
627 3357 800 3419 μῆχος
838 3351 1021 3419 (ἳΕΙΙεΙ
1052 3371 1090 3419 μ
1163 3370 1233 3418 αρ
1283 3353 1367 3406 Βν
1522 3354 1585 3405 15
1635 3346 1773 3421 ἔστ’]
1823 3346 1942 3403 οὔτ’
1976 3364 2009 3403 v
2052 3350 2072 3418 ΙΙ
2118 3346 2348 3403 ἀλλὰ-

322 3425 400 3475 16·
419 3417 611 3489 ἄνωγα
640 3437 744 3474 om.
778 3420 815 3475 0
917 3426 981 3474 16
1022 3418 1074 3474 σ’
1139 3422 1316 3494 νωγα]
1358 3420 1543 3492 ἄμκυγα
1584 3422 1620 3475 Ε
1718 3425 1782 3474 17
1820 3428 1999 3487 κακοῦ
2038 3422 2095 3475 h:
2134 3421 2350 3489 καλοῢΙῙ

319 3486 528 3559 γένοιτ’
562 3486 634 3543 ἂν
665 3493 696 3545 b
726 3507 794 3544 ex
821 3492 886 3546 V:
923 3490 988 3562 γέ
1057 3510 1152 3545 ται
1261 3498 1327 3546 19
1364 3491 1741 3565 ἀποθνήσκεις
1774 3493 1805 3547 b
1915 3496 1983 3544 20
2019 3490 2083 3562 1.]
2110 3488 2349 3561 λάθα(η)

320 3560 384 3615 δὲ
420 3558 610 3627 πότμω
642 3561 735 3622 Dss
788 3560 944 3614 λάθα
982 3564 1018 3615 δ’
1075 3562 1112 3618 C
1224 3566 1291 3616 25
1328 3571 1487 3633 πῆμα
1513 3562 1755 3638 θνᾴσκει
1786 3580 1893 3617 om.
1926 3562 2019 3619 Du
2127 3566 2195 3615 26
2221 3570 2351 3617 τῶν

319 3614 704 3700 γεγενημένων
740 3631 981 3701 ἀγαθῶν
1010 3634 1074 3687 B:
1113 3640 1211 3701 τῆς
1243 3642 1357 3689 τῶν
1396 3632 1668 3690 ἐναντίων
1704 3643 1815 3690 τῶν
1852 3635 2093 3704 ἀγαθῶν
2132 3633 2275 3690 ῠΕὓ
