2646 3882
320 181 451 245 266
1219 181 1445 236 Scholia

318 348 638 411 ἐπιωνικὸν
684 351 1256 430 βραχυκατάληκτον.
1394 348 1457 411 τὸ
1495 345 1555 428 η’
1600 350 1850 423 διπλοῦς
1895 354 2163 431 τροχαῖος
2202 348 2348 429 (καὶ

321 440 569 511 διπλοῦς
604 436 875 519 ἴαμβος).
1005 438 1068 500 τὸ
1097 435 1164 499 θ’
1201 437 1447 500 ίωνικὸν
1485 438 1757 520 δίμετρον
1793 439 2351 521 βραχυκατάληκτον

319 527 654 609 ἀδιάφορον
691 526 837 589 κατὰ
874 527 984 606 τὴν
1021 526 1337 609 ἄρχουσαν.
1472 526 1536 588 τὸ
1568 524 1609 587 ι’
1654 526 2108 589 ἀντισπαστικὸν
2145 527 2351 590 ἐννεα-

319 618 613 697 σύλλαβον
640 616 965 694 Σαπφικὸν
1000 616 1326 689 πλεονάζον
1362 626 1469 678 τοῦ
1502 618 1885 679 Γλυκωνείου
1922 621 2028 702 μιᾶ
2064 610 2347 703 συλλαβῇ.

254 727 286 770 Α
460 710 572 767 la.
637 706 708 767 τὸ
757 703 882 785 μὲν
916 699 1320 787 Ἀρχιλόχου
1366 703 1603 785 μέλοςε
1643 700 1971 787 Ἀρχίλοχος
2016 704 2215 768 ἐλθὼν
2260 708 2349 779 είς
2410 729 2435 769 5

311 788 636 874 Ὀλυμπίαν
672 793 842 875 μέλος
878 793 1154 873 ἐποίησεν
1191 794 1275 868 εἰς
1301 790 1594 875 Ἡρακλέα
1630 793 1763 876 ἔχον
1801 794 1989 868 οὕτως
2025 788 2126 878 (fr.
2158 790 2345 879 119)

651 920 897 997 τήνελλα
941 921 1235 980 καλλίνικε
1279 924 1441 1001 χαῖρε
1486 916 1635 993 ἅναξ
1673 915 2001 999 Ἡράκλεις,

652 1008 830 1081 αὐτός
874 1030 933 1069 τε
977 1007 1078 1070 καὶ
1117 1003 1360 1085 Ἰόλαος,
1405 1007 1654 1089 αἰχμητὰ
1703 1008 1831 1070 δύο.

400 1134 456 1193 b.
502 1132 568 1194 τὸ
614 1132 749 1213 ἓξῆς
803 1142 908 1195 τοῦ
955 1132 1161 1214 λόγου
1219 1132 1283 1195 τὸ
1344 1130 1452 1212 μὲν
1492 1128 1827 1214 Ἀρχιλόχου
1880 1129 2056 1243 μέλος
2103 1133 2166 1196 τὸ
2215 1158 2345 1210 φω-

313 1231 457 1283 νᾶεν
504 1220 569 1283 ἐν
609 1232 681 1307 τῇ
713 1215 1003 1306 Ὀλυμπία
1038 1219 1284 1303 ήρκεσεν
1321 1219 1711 1331 ’ἧγεμονεῦσαι
1747 1220 1907 1302 παρα
1942 1221 2047 1284 τὸν
2078 1222 2344 1303 Κρόνιον
2374 1244 2428 1283 10

311 1310 502 1390 λόφον
556 1312 887 1392 κωμάζοντι
926 1304 1331 1396 Ἐφαρμόστῳ.
1477 1332 1524 1371 e.
1566 1304 1895 1391 Ἀρχίλοχος
1949 1317 2029 1396 τῷ
2065 1306 2355 1392 Ἡρακλεῖ

311 1400 508 1480 ὕμνον
555 1449 568 1463 .
600 1448 612 1460 .
645 1447 657 1458 .
705 1398 1010 1482 ἀπορήσας
1053 1400 1403 1512 κιθαρῳδοῦ
1451 1400 1551 1461 διά
1596 1423 1757 1473 τινος
1803 1398 2009 1474 λέξεως
2053 1400 2119 1462 τὸ
2167 1399 2341 1479 μέλος

312 1487 648 1568 ἐμιμήσατο.
741 1489 1031 1563 συντάξας
1078 1479 1190 1550 ουν
1234 1498 1409 1550 τοῦτο
1454 1488 1520 1550 τὸ
1564 1488 1790 1569 κόμμα·
1838 1489 2105 1568 τήνελλα,
2150 1489 2341 1563 οὕτως

309 1576 380 1637 τὰ
426 1576 561 1657 ἑξῆς
616 1576 993 1658 ἀνεβάλλετο,
1046 1576 1147 1638 καὶ
1201 1575 1381 1650 αυτὸς
1438 1575 1545 1657 μὲν
1590 1577 1655 1639 τὸ
1712 1576 1884 1657 μέλος
1928 1586 2033 1656 τῆς
2078 1578 2339 1659 κιθάρας

310 1664 376 1725 ἐν
420 1664 577 1752 μέσω
621 1668 701 1751 τῷ
738 1672 891 1751 χορῷ
931 1666 1103 1748 ἔλεγε,
1139 1665 1204 1727 τὸ
1241 1666 1504 1745 τήνελλα,
1552 1664 1585 1728 ὁ
1624 1663 1688 1727 δὲ
1726 1666 1899 1749 χορὸς
1935 1665 2006 1727 τὰ
2047 1665 2337 1729 ἐπίλοιπα.
2371 1688 2422 1727 15

309 1752 373 1815 ἐκ
417 1754 630 1816 τούτου
683 1754 748 1816 τὸ
804 1754 1015 1816 λοιπὸν
1070 1755 1134 1816 οἱ
1181 1753 1544 1868 ἀποροῦντες
1596 1757 1957 1843 κιθαρωδῶν
2010 1756 2197 1818 τούτω
2254 1762 2337 1842 τῷ

309 1842 562 1923 κόμματι
605 1842 856 1925 ἐχρῶντο
901 1850 980 1929 τῷ
1026 1844 1288 1923 τήνελλα.
1342 1844 1445 1906 τὸ
1493 1842 1557 1906 δὲ
1605 1843 1744 1906 ὅλον
1790 1844 2003 1918 οὕτως·

625 1969 872 2048 τήνελλα
915 1971 1211 2032 καλλίνικε
1255 1976 1418 2052 χαῖρε
1462 1968 1611 2045 άναξ
1650 1967 1977 2052 ”Ηράκλεις,

625 2059 804 2133 αὐτός
849 2082 907 2121 τε
953 2058 1053 2121 καὶ
1093 2055 1336 2138 Ἰόλαος,
1381 2059 1630 2140 αἰχμητὰ
1678 2060 1807 2121 δύο.

624 2149 870 2228 τήνελλα
913 2151 1208 2210 καλλίνικε
1253 2154 1414 2230 χαῖρε
1458 2146 1609 2223 ἅναξ
1646 2144 1975 2229 ἹΙράκλεις.
2364 2170 2417 2209 20

395 2276 449 2336 d.
498 2274 776 2355 τριπλόον
825 2271 888 2335 δὲ
937 2273 1035 2334 διὰ
1071 2284 1244 2336 τοῦτο
1282 2267 1465 2351 εἶπεν,
1502 2271 1704 2352 ἐπειδὴ
1742 2272 1865 2382 τρὶς
1901 2271 2121 2354 ἐλέγετο
2158 2283 2331 2336 τοῦτο

305 2361 371 2423 τὸ
416 2364 743 2442 κομμάτιον
788 2368 912 2436 τοῖς
957 2372 1182 2423 νικῶσι.
1272 2363 1527 2441 κωμάζει
1574 2360 1637 2423 δὲ
1692 2361 1841 2443 πρὸς
1891 2361 1993 2424 τὸν
2039 2373 2144 2425 τοῦ
2183 2362 2330 2436 Διὸς

304 2451 509 2531 βωμὸν
556 2449 589 2513 ὁ
634 2451 884 2529 νικήσας
930 2450 1070 2530 μετὰ
1114 2460 1233 2512 τῶν
1269 2453 1486 2530 φίλων,
1530 2450 1709 2524 αὐτὸς
1746 2460 1851 2531 τῆς
1890 2445 2050 2560 ᾠδῆς
2087 2450 2331 2533 ἐξηγού-

303 2562 497 2618 μενος.
634 2562 681 2601 e.
729 2536 762 2600 ὁ
811 2538 874 2601 δὲ
919 2539 1068 2622 λέγει
1103 2540 1374 2602 τοιοῦτόν
1410 2538 1593 2601 ἐστιν·
1641 2537 1674 2601 ὁ
1713 2537 1821 2620 μὲν
1857 2550 1964 2601 τοῦ
1998 2534 2329 2622 Ἀρχιλόχου

303 2627 701 2706 πεποιημένος
755 2629 944 2708 ὕμνος
997 2628 1388 2690 ἐδυνάστευσε
1443 2629 1713 2711 ῥηθῆναι
1766 2627 1912 2691 κατὰ
1967 2639 2177 2693 τοῦτον
2224 2629 2328 2692 τὸν
2358 2650 2412 2690 25

302 2715 528 2798 ἀγῶνα·
578 2715 609 2777 ὁ
658 2714 722 2778 δὲ
767 2711 871 2778 ὑπ’
912 2717 1058 2794 ἐμοῦ
1101 2717 1419 2799 γενόμενος
1466 2718 1808 2799 ῥηθήσεται.

444 2947 475 2995 5
514 2942 627 2997 soh.
666 2944 760 2997 Ar.
802 2960 885 2997 av.
928 2947 1064 2997 1764

444 3146 472 3193 1
518 3139 654 3208 τὸη
685 3171 752 3179 -
774 3145 805 3192 2
844 3137 1374 3210 βραχυκατάληκτον
1420 3155 1527 3192 om.
1570 3140 1607 3193 D
1756 3145 1785 3194 1
1832 3139 2114 3229 τροχαῖος]
2154 3156 2327 3195 σπον-

298 3211 449 3272 δετος
484 3138 674 3263 Pauw‘
767 3217 814 3264 1.
837 3215 868 3263 2
907 3210 1004 3263 καὶ
1041 3211 1273 3272 διπλοῦς
1309 3207 1509 3280 ἴαμβος
1547 3209 1676 3264 add.
1706 3224 1738 3263 ν
1867 3215 1899 3263 3
1936 3208 2219 3279 διάφορον
2250 3210 2327 3283 ΕΙΙ

296 3281 401 3348 τὴν
438 3297 544 3334 om.
588 3281 677 3337 Eu
839 3286 889 3334 3.
912 3287 945 3336 4
983 3281 1264 3335 ἐννασυλλ.
1306 3282 1344 3336 Ε
1508 3285 1539 3333 5
1562 3298 1680 3350 sqq
1720 3279 1804 3333 De
1840 3283 1961 3334 toto
1998 3281 2107 3336 hoo
2119 3231 2258 3335 osch.
2294 3290 2321 3336 1

297 3349 395 3404 cfr.
437 3350 510 3419 Sy
513 3351 605 3404 bel
641 3351 828 3406 Herm.
858 3351 911 3405 V
947 3354 1130 3421 (1870)
1170 3356 1451 3405 192—204
1680 3357 1745 3404 12
1783 3348 2004 3421 ὕμνων)
2042 3353 2086 3406 Α
2140 3351 2325 3421 υμνου

298 3369 510 3490 Seybely
499 3439 552 3490 Ρ.
578 3427 679 3478 198
706 3425 725 3492 fl
751 3422 856 3476 lac.
887 3422 1158 3490 indicavi3
1198 3422 1330 3478 diss
1368 3442 1423 3493 Ρ
1456 3427 1520 3475 32
1559 3420 1797 3488 ποιήσας
1833 3421 2015 3544 suppl.
2047 3421 2218 3490 Sybel

299 3498 366 3546 13
403 3492 680 3558 συντάξας
717 3496 749 3549 ΙΙ
788 3509 858 3548 ex
892 3494 955 3548 V.
996 3492 1280 3557 ἀνατάξας
1315 3495 1359 3550 Α
1404 3491 1684 3561 προτάξας
1717 3489 1906 3563 Bergk
1948 3494 1967 3560 ΙΙ
2012 3492 2325 3561 κομμάτιον

297 3563 468 3631 Sybel
502 3582 556 3632 Ρ.
582 3570 682 3620 198
794 3570 859 3619 21
898 3566 1016 3632 τρὶς
1052 3564 1262 3634 Bergk:
1299 3514 1489 3632 τρίτον
1598 3569 1667 3617 24
1703 3561 1803 3632 μὲν
1842 3561 2041 3635 (ὑπὸ)
2077 3571 2213 3618 τοῦῖ
