2646 3882
36 747 43 842 Ἰ

37 1145 47 1230 '

952 197 1174 268 Olymp
1198 198 1252 252 Π
1285 203 1517 253 ‘10-73
2160 199 2240 262 79

219 365 459 445 Γέλαν,
454 367 627 428 οὕτω
672 363 1045 446 καλουμένην
1090 365 1265 428 πόλιν
1307 365 1376 427 ἐν
1412 367 1654 450 Σικελίᾳ
1689 365 1876 446 παρὰ
1883 371 1964 451 τῷ
2000 369 2242 452 ποταμῷ

218 461 297 541 τῷ
351 453 534 540 Γέλα,
590 452 670 528 ὡς
724 456 1097 536 Καλλίμαχος
1150 449 1249 538 (fr.
1291 447 1475 538 361)
1541 455 1604 516 οἷ
1652 451 1715 515 δὲ
1768 452 1920 514 Γέλα
1972 465 2240 534 ποταμοῦ

218 549 445 628 κεφαλῇ
473 501 877 623 ἐπικείμενον
940 541 1103 605 ἄστυ.
1202 544 1265 605 οἷ
1325 541 1388 605 δὲ
1449 543 1558 623 τὴν
1616 538 1998 625 Ἀκράγαντα·
2061 545 2240 605 πάλιν

217 634 327 716 γὰρ
373 633 526 712 αὕτη
570 633 739 707 πόλις
793 631 911 694 ἐστὶ
956 633 1231 706 Σικελίας
1285 629 1598 712 ὁμώνυμος
1651 638 1730 718 τῷ
1779 639 2040 718 ποταμῷ.
2101 631 2241 713 ἔχοι

168 743 193 784 5
220 719 274 784 6’
320 747 399 783 αν
460 727 680 801 μᾶλλον
738 721 802 782 τὸ
867 717 925 802 β’
987 721 1180 832 λόγον.
1210 751 1247 801 f
1280 720 1420 802 μετὰ
1485 721 1598 802 γὰρ
1667 721 1932 799 καμάτου
1994 719 2240 811 ἐκτίσθη

214 805 579 891 Ἀντιφήμου
625 820 731 872 τοῦ
747 807 979 872 Ῥοδίου
1022 809 1123 872 καὶ
1154 803 1434 890 Ἐντίμου
1476 819 1581 871 τοῦ
1607 809 1845 891 Κρητὸς
1879 809 2028 870 κατὰ
2063 819 2238 890 χρησ-
2263 836 2265 840 ·

217 899 331 980 μὸν
371 894 737 972 ’Λπόλλωνος
782 897 1199 1012 μαχεσαμένων
1243 899 1622 972 Σικελιώταις
1676 897 1810 980 περὶ
1853 908 1960 960 τοῦ
2003 900 2235 981 χωρίου.

300 990 359 1050 Β.
416 988 575 1069 Ῑερὸν
630 986 695 1050 δὲ
747 989 967 1068 οἴκημα
1011 985 1051 1067 ἡ
1092 982 1382 1070 Ἀκράγας
1437 987 1524 1049 ὅτι
1576 988 1728 1061 Ζευς
1780 986 1999 1048 ἔδωκεν
2051 987 2240 1066 αυτὴν.

213 1077 586 1164 Περσεφόνῃ.

139 1189 187 1228 ιο
334 1235 337 1241 ,
396 1168 537 1228 701.
603 1165 905 1246 μόριμος
948 1165 1132 1238 υἱός.
1176 1163 1307 1244 ήτοι
1355 1163 1387 1227 6
1431 1165 1576 1226 κατὰ
1623 1171 1836 1247 μοῖραν
1873 1165 2033 1251 αυτῷ
2070 1165 2236 1247 γενό-
2267 1182 2388 1238 nto

214 1277 419 1336 μενος,
474 1252 515 1334 ἢ
562 1252 595 1316 6
642 1255 827 1337 μόρον
872 1253 1215 1335 ἐπενεγκών.
1359 1257 1417 1314 k.
1467 1252 1498 1315 6
1544 1252 1608 1315 δὲ
1651 1254 1909 1336 χρησμὸς
1955 1253 1996 1316 6
2033 1254 2238 1366 δοθεὶς
2267 1272 2468 1334 Βοεο

210 1347 388 1430 Λαΐῳ
435 1344 741 1456 δημώδης
788 1345 940 1404 Λάιε
971 1344 1326 1425 Λαβδακίδη
1370 1342 1472 1404 καὶ
1506 1367 1576 1404 τα
1613 1342 1765 1424 έξῆς
1899 1343 2343 1425 1.μόρσι-υο

213 1455 341 1513 μος
387 1433 571 1507 υἰόςτ
618 1430 651 1493 6
696 1430 1137 1514 μεμοιραμένος.
1226 1429 1269 1511 ἣ
1316 1430 1348 1492 6
1397 1432 1582 1512 μόρου
1628 1433 1814 1518 αἴτιος
1848 1439 1930 1518 τῷ
1973 1432 2163 1514 πατρί.

350 1526 506 1582 720..
571 1521 637 1582 τὸ
693 1519 756 1582 δὲ
810 1519 1125 1603 χρησθὲν
1181 1522 1658 1600 παλαίφατον·
1721 1521 1786 1582 τὸ
1841 1519 1907 1582 δε
1963 1528 2236 1602 μαντεῖον
2267 1540 2430 1596 nuto

136 1632 186 1672 15
213 1610 277 1672 τὸ
324 1608 512 1672 δοθὲν
549 1612 725 1696 Λαΐῳ
778 1609 925 1671 κατὰ
969 1609 1079 1689 τὴν
1126 1613 1404 1671 Πυθῶνα
1447 1606 1588 1692 παρ’
1623 1605 2020 1691 Ἀπόλλωνος,
2065 1621 2236 1672 τοῦτο

210 1699 691 1782 πατροκτονήσας
746 1698 844 1760 ἐπὶ
898 1697 1081 1780 πέρας
1126 1697 1344 1780 ’ἤγαγεν
1391 1696 1424 1760 6
1476 1700 1786 1772 Οἰδίπους.
1918 1701 1974 1760 Β.
2020 1697 2233 1774 ἄλλως·
2264 1720 2350 1776 ο

208 1790 699 1868 παλαίφατον.
744 1787 807 1849 τὸ
852 1789 1033 1848 πάλαι
1076 1786 1512 1867 πεφατισμένον
1555 1787 1656 1849 καὶ
1701 1785 1892 1870 ῥηθὲν
1937 1790 2128 1874 Λαίῳ.

209 1899 256 1939 c.
302 1877 379 1940 έν
441 1875 515 1939 δὲ
576 1881 906 1938 Πυθῶνιτ
969 1875 1034 1937 τὸ
1096 1874 1159 1937 δὲ
1218 1875 1480 1959 χρησθὲν
1537 1884 1617 1964 τῷ
1662 1879 1838 1965 Λαΐῳ
1891 1876 1958 1938 έν
2002 1881 2292 1958 Πυθοῖ,ο

207 1968 273 2030 τὸ
319 1963 491 2052 (Eur.
528 1968 747 2027 Phoen
788 1960 901 2050 18)
966 1965 1049 2047 μὴ
1113 1973 1338 2047 σπεῖρε,
1400 1968 1554 2028 Λάιε
1608 1967 1993 2048 Λαβδακίδα,
2052 1966 2236 2029 άλοκα
2345 2037 2349 2041 y

136 2078 185 2119 εο
211 2058 519 2135 δαιμόνων
564 2058 688 2141 βία,
734 2056 817 2129 εἰς
862 2056 972 2137 γὰρ
1016 2054 1201 2117 κακόν
1248 2072 1360 2117 σου
1413 2050 1573 2117 τοῦτ’
1615 2056 1795 2135 εσται,
1840 2054 2235 2138 έξεπλήρωσεν

212 2146 523 2217 Οἰδίπους.

347 2238 429 2295 ’12
452 2236 509 2294 d.
570 2194 929 2342 (τελέσαςε)
973 2233 1258 2315 γράφεται
1301 2256 1402 2293 και
1445 2232 1647 2295 τέλεσε.
2264 2246 2340 2297 εει

348 2326 506 2385 732..
575 2322 809 2384 ι’δοισα
845 2316 901 2383 δ’
944 2316 1118 2397 ὀξεῖ’
1154 2318 1464 2402 Ἐρινύςε
1509 2320 1641 2401 ητοι
1677 2319 1854 2396 ὀξέως
1888 2319 2207 2402 βλέπουσα,
2237 2342 2479 2398 afflato

207 2410 249 2492 ἢ
297 2410 477 2487 ὀξέως
532 2410 955 2493 τιμωρουμένη.
1099 2414 1153 2471 Β.
1210 2410 1526 2491 έστύγησεν
1593 2412 1734 2475 ὥστε
1798 2410 2234 2489 ἀλληλοφονίαν

136 2522 183 2563 25
205 2500 493 2583 γενέσθαι
550 2507 655 2562 τοῦ
712 2498 923 2582 γένους
976 2500 1177 2562 αὐτοῦ.
1218 2494 1229 2583 Ι
1265 2494 1569 2581 Ἐτεοκλῆς
1625 2500 1736 2583 γὰρ
1789 2499 1888 2561 καὶ
1945 2500 2233 2561 Πολυνεί-
2263 2520 2459 2576 nmmo

207 2615 319 2669 κης
360 2592 371 2668 Ι
412 2588 701 2668 ἀλλήλους
763 2588 1014 2650 ἀνεῖλον.
1176 2610 1223 2651 ο.
1286 2598 1460 2651 τοῦτο
1525 2586 1588 2651 δὲ
1651 2588 1828 2665 ὀξέως
1891 2588 2232 2669 θεασαμένη
2263 2609 2417 2665 Β(ο)ο

355 2784 421 2834 11
462 2778 619 2833 anth.
657 2774 775 2831 Pal.
809 2746 897 2845 14.
921 2780 1003 2831 67.
1051 2777 1183 2847 hyp.
1226 2776 1393 2847 Soph.
1433 2778 1494 2833 ο.
1526 2778 1586 2832 Τ.
1627 2780 1686 2833 et
1720 2778 1848 2834 Eur.
1877 2778 2084 2833 Phoen.

352 2944 386 2993 2
433 2936 499 2993 δὲ
535 2936 681 2991 Γέλα
708 2938 773 2993 V:
812 2932 869 2991 δ’
902 2937 975 3005 ἀγ
979 2936 1073 2992 έλα
1252 2942 1285 2990 5
1331 2936 1396 2993 ft.
1423 2938 1487 2991 τὸ
1518 2936 1590 3005 α’,
1629 2938 1696 2991 ol.
1726 2940 1766 2993 V
1945 2943 1978 2991 8
2026 2938 2232 2994 ἔδωκἐν

206 3010 389 3080 αὐτὴν
435 3008 765 3063 Schneider.
822 3025 883 3063 σε
918 3010 1099 3063 δῶκεν
1145 3008 1286 3079 αὐτῇ
1443 3014 1508 3063 10
1555 3008 1788 3078 μόριμος
1833 3009 1921 3065 2¹:
1968 3009 2233 3079 μόρσιμος

208 3080 379 3138 ΒΕἾΙ
404 3082 425 3150 ΙΙ
452 3079 580 3141 υἱός
616 3082 681 3134 Βε
718 3078 782 3134 δὲ
816 3078 940 3142 υἱός
978 3079 1066 3138 En
1189 3085 1356 3135 10.11
1395 3082 1740 3150 γεννώμενος
1776 3082 1813 3136 Ε
1945 3087 2012 3135 12
2047 3083 2231 3151 δημώ-

204 3154 311 3221 δης
348 3154 415 3207 Β.
456 3150 573 3206 ἐστὶ
608 3151 869 3220 δημώδης
906 3152 994 3206 ΒΕ
1046 3144 1083 3219 ἦ
1120 3152 1382 3221 δημώδης
1395 3101 1458 3208 2⁸⁰
1483 3154 1504 3221 ΙΙ
1528 3151 1758 3206 Λάιε*
1779 3151 1903 3221 ἑξῆς
1938 3169 2044 3206 om.
2084 3156 2125 3208 Β

206 3229 387 3277 12.13
422 3222 540 3277 soh.
573 3221 681 3275 701
709 3225 841 3277 ante
867 3222 909 3275 k
945 3224 983 3276 D
1012 3226 1031 3291 ΙΙ
1058 3221 1323 3291 μόρσιμος
1356 3221 1480 3285 υἱός
1518 3226 1584 3278 D:
1623 3222 1798 3284 ἄλλως
1831 3222 2119 3293 μόρσιμοςε
2158 3224 2233 3286 ως

204 3292 456 3363 εἰπεῖνῆ
488 3294 555 3359 {13
583 3292 739 3360 item,
766 3294 867 3347 sed
894 3294 969 3355 ὡς
995 3288 1156 3349 εἶπον
1187 3293 1270 3348 eb
1384 3300 1450 3349 14
1485 3293 1548 3348 τὸ
1578 3294 1641 3349 δὲ
1670 3296 1793 3365 (pr.)
1817 3295 1878 3350 Ε.
1904 3303 2069 3349 τοῦτο
2097 3294 2160 3349 δὲ
2191 3297 2231 3350 Β

202 3368 455 3420 Πυθῶνι
495 3367 533 3419 D
590 3364 655 3419 ἐν
690 3364 754 3419 δὲ
790 3367 1036 3419 Πυθῶνι
1074 3365 1159 3433 (ΙΙ
1141 3366 1206 3492 ΙΙ.
1204 3365 1444 3435 χρηστὸν
1483 3366 1518 3421 Ε
1550 3366 1573 3435 ΙΙ
1616 3362 1979 3435 παλαίφατον
2016 3367 2082 3420 Βε
2121 3382 2228 3419 om.

202 3437 302 3494 DD
357 3454 415 3490 π.
444 3434 701 3490 τέλεσεΕ
846 3440 911 3490 15
947 3435 1049 3505 τὴν
979 3435 1126 3505 ὴνῠ
1243 3435 1344 3492 τὸν
1382 3438 1578 3506 ΒΕνΙΙ
1620 3444 1821 3492 τουτον
1857 3451 1890 3492 ν
2036 3442 2100 3491 16
2141 3437 2231 3491 ἐπὶ

204 3507 377 3564 DED.
408 3506 491 3568 εἰς
520 3508 603 3561 Βν
703 3511 771 3560 20
798 3513 935 3561 σοιῖ·
1021 3512 1089 3560 23
1116 3506 1305 3561 ἰδοῖσα
1333 3524 1407 3561 an
1435 3507 1635 3562 ἰδουσα
1664 3511 1705 3563 Β
1739 3507 2015 3562 incertum
2041 3510 2062 3577 ΙΙ
2081 3504 2230 3575 ’Ee-c

203 3578 309 3641 νῦς
347 3578 412 3636 G:
445 3574 709 3645 Ἐριννύς
745 3578 833 3633 ΒΕ
872 3595 977 3632 om.
1019 3578 1110 3635 DD
1136 3580 1157 3648 ΙΙ
1184 3577 1297 3632 sch.
1329 3584 1396 3631 73
1433 3578 1674 3633 frustula.
1711 3578 1992 3647 quaedam
2029 3580 2066 3633 c
2217 3620 2222 3627 .
