2646 3882
337 232 468 297 376
1230 232 1460 288 Scholia

340 397 402 461 δὲ
448 405 527 483 τῳ
564 400 815 461 Λυκίων
862 402 1096 481 βασιλεῖ
1126 394 1399 482 Ἰόβατος.
1490 399 1591 461 καὶ
1627 396 1891 481 Ὅμηρος
1946 401 2174 473 τούτοις
2221 424 2372 481 μαρ-

337 494 507 569 τυρεῖ
544 482 623 570 (Ζ
664 482 846 571 191)·

426 590 554 655 ἀλλ’
596 594 688 656 ὅτε
734 594 811 673 δὴ
858 596 1108 677 γίνωσκε
1153 602 1305 657 θεοῦ
1350 595 1534 678 γόνον
1577 594 1697 675 ἠὺν
1743 593 1927 657 ἐόντα.
1981 606 2180 658 mbos*
2215 613 2316 669 890

280 718 312 763 8
476 704 579 763 83.
653 700 727 763 ἐκ
786 703 1066 775 Λυκίας
1130 700 1229 763 ὃέε
1304 700 1338 763 ὁ
1404 700 1470 763 δέ
1533 703 1860 781 σύνδεσμος
1913 700 2046 763 ἀντὶ
2098 711 2204 763 τοῦ
2257 703 2375 783 γάρ

339 796 554 870 κεῖται,
614 790 716 852 καὶ
776 790 955 852 ἔστιν·
1023 789 1297 872 ἐτρόμεον
1362 791 1475 873 γὰρ
1541 792 1606 853 οἱ
1636 788 1922 870 Ἕλληνες
1977 790 2078 852 τὸν
2133 791 2376 854 Λύκιον
2431 813 2454 853 5

339 884 631 942 Γλαῦκον.

128 986 337 1042 80880
475 971 577 1030 85.
642 974 829 1030 τοῖσι
878 966 1003 1047 μὲν
1044 966 1396 1050 ἕξεύχετοε
1441 968 1602 1051 παρὰ
1638 975 1762 1042 τοῖς
1801 968 2032 1050 Τρωσὶν
2068 966 2236 1050 ηὔχει
2271 969 2375 1031 καὶ

340 1058 628 1139 διηγεῖτο,
685 1057 775 1119 ὅτι
827 1055 893 1119 ἐν
947 1063 1028 1142 τῷ
1082 1066 1188 1137 τῆς
1232 1058 1540 1140 Πειρήνης
1593 1056 1754 1120 ἄστει
1809 1067 1878 1143 τῇ
1923 1059 2212 1144 Κορίνθῳ
2263 1068 2375 1120 τοῦ

148 1164 314 1220 ento
342 1146 560 1229 πατρὸς
606 1146 791 1209 αὐτοῦ
836 1145 949 1227 ἔχει
991 1146 1105 1225 τὴν
1150 1144 1338 1227 ἀρχὴν
1382 1146 1485 1208 καὶ
1537 1146 1602 1209 τὸ
1645 1145 1817 1228 γένος
1856 1148 1866 1223 Ι
1906 1146 2006 1209 καὶ
2050 1146 2160 1225 τὴν
2201 1149 2376 1228 βασι-

340 1237 501 1297 λείαν
546 1235 648 1297 καὶ
692 1235 803 1315 τὴν
848 1236 1213 1317 περιουσίαν.
1292 1236 1396 1297 καὶ
1439 1234 1570 1315 ἤτοι
1615 1242 1738 1309 τοῖς
1774 1238 2030 1309 Λυκίοις
2065 1233 2234 1315 ηὔχει
2269 1235 2376 1297 καὶ
2405 1258 2458 1298 10

340 1325 619 1405 διηγεῖτο,
662 1322 703 1404 ἢ
757 1330 881 1398 τοῖς
930 1326 1179 1406 Τρωσίν.
1254 1322 1372 1386 ἀπὸ
1417 1327 1668 1387 Λυκίων
1725 1322 1790 1386 δὲ
1845 1326 1986 1398 τοὺς
2032 1329 2236 1405 Τρῶας
2285 1326 2385 1386 δεῖ

338 1420 521 1476 νοεῖν.
583 1424 708 1476 8⁶³8

282 1520 314 1565 8
478 1506 560 1563 86
584 1524 635 1563 a..
704 1502 1091 1582 Πειράναςε
1139 1501 1410 1583 Πειρήνη
1454 1502 1648 1582 κρήνη
1694 1500 1759 1564 έν
1803 1503 2110 1584 Κορίνθῳ.
2175 1521 2274 1565 898

129 1609 337 1666 80880
475 1592 633 1652 8610.
739 1589 1108 1671 σφετέρου
1197 1591 1514 1673 πατρόςε
1625 1590 1757 1653 ἀντὶ
1841 1602 1948 1653 τοῦ
2037 1590 2373 1673 προγόνου·

152 1698 315 1754 8080
348 1672 454 1763 Ιού
498 1678 610 1761 γὰρ
657 1677 690 1740 ὁ
737 1678 929 1759 πατὴρ
974 1680 1159 1743 αὐτοῦ
1194 1676 1536 1761 Ἱππόλοχος
1579 1677 1904 1761 ἡγεμονίαν
1938 1674 2092 1762 εὖχεν
2128 1681 2212 1753 εἰς
2248 1680 2375 1742 Κό-
2406 1703 2458 1743 15

340 1774 581 1850 ρινθον,
626 1764 758 1829 ἀλλ’
791 1766 823 1829 ὁ
868 1768 1162 1850 πρόγονος
1206 1770 1391 1831 αὐτοῦ
1437 1767 1470 1830 ὁ
1517 1770 1807 1849 Σίσυφος.
1872 1788 1998 1833 86⁸8
2034 1781 2161 1844 82³0

139 1876 383 1932 8(0)υεο
478 1860 557 1919 89
582 1879 634 1918 a.
728 1854 805 1930 ὃς
876 1868 997 1930 τᾶς
1074 1856 1427 1936 ὀφιώδεος
1499 1858 1662 1921 υἱόν
1744 1880 1911 1920 ποτε
1983 1859 2374 1940 Γοργόνοςε

342 1947 498 2020 ὅστις
544 1956 649 2028 τῆς
684 1947 985 2028 Γοργόνος
1029 1957 1135 2028 τῆς
1193 1946 1495 2027 ὄφιώδους
1541 1947 1858 2029 λεγομένης
1903 1941 2056 2010 εἶναι
2091 1948 2197 2010 τὸν
2233 1948 2373 2011 υἱὸν

340 2037 628 2118 Πήγασον
675 2037 859 2098 ἵππον
907 2034 1050 2098 ὄντα
1093 2036 1388 2119 πτερωτὸν
1433 2036 1630 2098 θέλων
1682 2037 1998 2112 ὑποζεῦξαι
2033 2044 2114 2122 τῷ
2154 2042 2374 2123 χαλινῷ

340 2124 582 2204 ἀληθῶς
636 2130 873 2187 πλεῖστα
918 2125 1107 2187 ἔπαθε
1160 2125 1263 2187 καὶ
1307 2123 1529 2206 ὑπέστη
1573 2125 1735 2206 παρὰ
1779 2133 1904 2200 τοῖς
1948 2133 2227 2207 κρουνοῖς
2271 2126 2375 2188 καὶ
2403 2149 2459 2190 20

341 2215 589 2297 ῥεύμασι
642 2224 747 2294 τῆς
801 2215 1107 2295 Πειρήνης
1162 2209 1339 2297 (λέγει
1395 2212 1459 2276 δὲ
1518 2213 1582 2276 ἐν
1626 2225 1696 2301 τῇ
1741 2208 2060 2301 Κορίνθῳ)
2105 2214 2220 2294 πρὸ
2266 2227 2374 2278 τοῦ

339 2305 581 2383 κομίσαι
624 2304 784 2389 αύτῷ
830 2302 939 2382 τὴν
979 2299 1250 2382 Ἀθηνᾶν
1302 2304 1654 2385 χρυσόδετον
1707 2303 1947 2385 χαλινὸν
1992 2315 2376 2386 παραστᾶσαν

155 2410 323 2466 Boeo
352 2393 730 2455 καθεύδοντι.
772 2386 781 2475 l
822 2389 855 2453 ὃ
910 2383 1024 2454 οὖν
1082 2387 1237 2454 εἶδεν
1300 2391 1478 2474 ὄναρ,
1535 2402 1709 2454 τοῦτο
1771 2392 2085 2466 διαναστὰς
2143 2393 2208 2455 ἐκ
2266 2403 2376 2456 τοῦ

149 2498 318 2554 ceno
346 2481 543 2544 ὕπνου
591 2474 669 2542 δι’
713 2479 899 2562 ἔργων
944 2475 1132 2562 εὗρεν.
1262 2482 1317 2542 b.
1367 2479 1581 2554 ἄλλως·
1639 2481 1797 2554 ὅστις
1849 2481 2142 2563 πρόγονος
2186 2482 2375 2544 αὐτοῦ

342 2569 443 2631 καὶ
488 2569 636 2651 πρὸς
681 2568 901 2652 πατρὸς
947 2568 1032 2632 ὢν
1077 2571 1346 2644 πάππος·
1401 2569 1551 2651 λέγει
1608 2568 1670 2631 δὲ
1725 2569 1829 2631 τὸν
1873 2571 2371 2653 Βελλεροφόντην.
2403 2595 2460 2636 2⁵

487 2746 553 2794 13
590 2740 706 2793 EM
742 2745 927 2808 668,4.
976 2741 1082 2794 EG
1118 2747 1239 2808 45⁷,
1262 2747 1329 2796 31

488 2907 515 2954 1
557 2900 620 2956 δὲ
658 2918 764 2955 om.
796 2900 837 2958 ss
880 2903 899 2971 ΙΙ
936 2897 1159 2992 Ἰοβοέτη
1200 2901 1237 2958 G
1281 2904 1301 2972 ΙΙ
1345 2909 1509 2955 τοῦτο
1537 2917 1571 2956 v
1685 2907 1716 2956 3
1754 2899 2022 2971 γίγνωσκε
2057 2918 2091 2957 v
2134 2905 2154 2972 ΙΙ
2198 2901 2374 2972 γόνον

341 2973 452 3042 ἠὺν
492 2973 607 3028 Bc:
646 2971 752 3042 γὰρ
790 2969 901 3026 κᾶν
939 2974 975 3028 Ε
1029 2992 1203 3042 γονην
1241 2972 1282 3030 ss
1463 2977 1493 3025 7
1531 2972 1568 3028 l.
1612 2975 1677 3028 B:
1714 2981 1860 3027 τοῖσι
1895 2972 1997 3043 μέν
2036 2973 2073 3030 G
2129 2972 2371 3044 ἐξεύχετ’

346 3045 406 3099 ἐν
444 3043 599 3098 ἄστει
625 3042 956 3114 Πε(ι)ράνας
984 3043 1074 3101 ΕΠ
1130 3043 1281 3100 ἄστει
1308 3043 1600 3112 Πειράνας
1629 3047 1666 3100 Ι)
1695 3046 1714 3113 ΙΙ
1740 3043 1897 3112 παρὰ
1917 3077 1984 3086 -—
2006 3050 2038 3098 8
2079 3041 2162 3099 ὅτι
2199 3063 2306 3100 om.
2332 3048 2371 3102 D

454 3122 482 3168 ’1
528 3115 745 3184 Τρωσὶν
775 3114 996 3172 ΟΒΕὓε
1042 3113 1258 3182 Τρωσίν
1296 3133 1470 3184 φησιν
1501 3117 1584 3170 Βν
1711 3121 1741 3170 9
1781 3116 1896 3186 ἔχοι
1927 3115 2016 3173 ΕΠ
2145 3121 2211 3170 10
2249 3115 2375 3184 ἤτοι

346 3187 517 3244 BDss:
558 3185 696 3242 εἴτι
735 3186 867 3241 ΕΕΙΙ
980 3190 1047 3238 14
1084 3203 1177 3254 σφ.
1218 3185 1282 3240 δὲ
1317 3186 1530 3256 πατρὸς
1568 3188 1657 3242 ΒΕ
1768 3193 1834 3240 15
1873 3187 1904 3240 ὁ
1943 3204 2048 3241 om.
2090 3189 2126 3243 Ε
2153 3190 2172 3257 ΙΙ
2200 3183 2372 3260 εἶχεν]

346 3251 479 3326 ἦγεν
519 3259 555 3313 Ε
702 3262 767 3310 16
808 3255 836 3310 ὁ
876 3259 1006 3310 ante
1044 3254 1167 3312 Σίσ.
1208 3274 1316 3311 om.
1358 3258 1445 3313 ΟΕ
1591 3263 1657 3311 1Ἷ
1694 3256 1730 3312 1.
1775 3261 1839 3314 B:
1879 3275 1984 3312 om.
2027 3258 2114 3315 GD
2174 3257 2236 3322 ὃς
2270 3267 2376 3324 τᾶς

348 3327 441 3396 ὀφ.
474 3327 563 3385 ΕΠ
710 3332 775 3380 18
816 3325 964 3391 ὅστις
1004 3330 1069 3383 B:
1109 3345 1214 3382 om.
1256 3329 1451 3386 01]Εο
1476 3332 1496 3399 ΙΙ
1533 3328 1820 3399 Γοργόνης
1858 3331 1894 3385 Ε
2037 3335 2106 3383 20
2143 3330 2376 3399 ἀληθῶς

346 3414 451 3452 om.
492 3400 528 3454 Ε
568 3400 588 3467 ΙΙ
627 3398 757 3465 περὶ
795 3400 832 3453 D
990 3405 1054 3452 21
1095 3399 1381 3468 Πειρήνης
1416 3400 1678 3471 (G)DEss:
1714 3398 2014 3468 Πειρήνης,
2053 3398 2084 3454 ὅ
2121 3401 2272 3456 ἐστιν
2309 3402 2374 3457 ἐν

343 3477 409 3538 τῇ
447 3468 701 3540 Πειρήνῃ
752 3470 834 3523 BV
880 3468 996 3538 (cfr.
1037 3473 1126 3540 91)
1170 3473 1191 3539 ΙΙ
1233 3471 1344 3538 πρὸ
1419 3471 1556 3540 πρὶν
1596 3474 1633 3527 Ι)
1828 3477 1894 3525 22
1943 3471 2115 3526 αὐτὸν
2156 3474 2192 3527 Ε

348 3544 413 3591 23
454 3535 623 3610 εἶδεν]
663 3556 768 3593 om.
811 3541 847 3595 Ε
902 3535 1057 3595 οἶδεν
1093 3557 1127 3596 v
1164 3544 1322 3609 (corr.
1411 3541 1535 3612 eck)
1706 3548 1774 3597 24
1821 3543 1995 3596 αὐτοῦ
2034 3542 2199 3600 GEssz
2241 3543 2372 3598 ἑαυ-

344 3617 444 3662 τοῦ
484 3612 568 3665 nh
626 3609 789 3664 ἀσίου
825 3625 859 3664 ν
1004 3616 1070 3664 25
1109 3611 1546 3678 καὶ-πάππος
1581 3631 1686 3668 om.
1728 3613 1765 3670 G
2198 3647 2204 3661 ι
