2646 3882
779 229 996 300 Olymp.
1033 231 1061 284 I
1101 230 1512 300 180—Olymp.
1542 231 1594 285 Π
1627 234 1786 286 metr.
1956 212 1961 218 ”
2213 231 2298 296 57

427 400 571 457 187.
635 397 1078 477 πρόφαντοντ
1143 397 1407 478 φανερὸν
1460 398 1562 460 καὶ
1616 397 1818 479 ἔξοχον
1870 397 1937 461 ἐν
1993 408 2061 483 τῇ
2118 400 2301 485 σοφίᾳ
2331 419 2495 476 taxo

273 495 545 568 πανταχῆ
581 485 728 548 κατὰ
777 485 919 559 τοὺς
947 483 1246 565 Ἕλληνας
1291 487 1449 549 ὄντα.

412 573 572 649 τέλος
616 585 722 637 τοῦ
773 576 1046 656 Θηβαίου
1083 572 1367 658 Ἱέρωνος.
2329 598 2490 654 ento

373 793 382 800 .
416 750 534 801 188.
593 745 702 800 Gre
746 789 756 800 .
789 745 908 801 Cor.
937 764 992 816 p.
1015 753 1144 801 213:
1172 747 1236 801 τὸ
1265 746 1449 817 πάντη
1476 757 1785 818 περισπῶσι
1832 750 2089 818 Δωριεῖς)
2116 758 2303 806 παντᾶ

218 830 244 869 5
274 815 541 886 λέγοντες.
634 762 742 871 Πῗ
753 819 950 887 δαρος·
1005 815 1340 887 πρόφαντον
1395 816 1572 894 σοφίᾳ
1626 817 1767 874 καθ’
1807 750 2084 882 §Eumae
2138 818 2303 877 ἐόντα

272 896 479 943 παντᾶ.
554 887 662 943 cfr.
701 888 885 959 Apoll.
927 889 996 943 de
1032 889 1155 943 adv.
1187 895 1306 945 625.

1076 1127 1503 1136 ——-—-——

566 1316 829 1385 Scholia
871 1318 943 1385 in
989 1318 1579 1407 Olympionicarum
1626 1338 1889 1388 (tarmen
1934 1320 2017 1389 Π.

416 1466 656 1548 Θήρωνι
694 1459 1128 1550 Ἀκραγαντίνῳ
1172 1465 1403 1547 ἅρματι.
1476 1490 1569 1529 ιοιι.
1596 1489 1731 1529 inser.
1759 1487 1790 1531 Α
1827 1493 1850 1530 1
1863 1487 1894 1532 ο
2268 1487 2428 1533 Anco
2441 1489 2515 1546 εο

414 1560 538 1634 Τῆς
573 1551 846 1635 δευτέρας
885 1547 1046 1638 ᾠδῆς
1081 1551 1120 1632 ἡ
1157 1553 1384 1634 στροφὴ
1420 1555 1520 1617 καὶ
1556 1554 1945 1638 ἀντίστροφος
1991 1557 2197 1619 κώλων
2266 1576 2516 1634 acuero

276 1641 398 1704 ἐστὶ
443 1639 539 1705 ιδ’.
672 1641 737 1703 τὸ
782 1638 837 1703 α’
883 1643 1251 1723 περιοδικὸν,
1307 1643 1556 1718 διπλοῦς
1610 1645 1839 1726 ἴαμβος.
1986 1646 2051 1708 τὸ
2097 1643 2155 1728 β’
2201 1647 2301 1710 ἰω-

195 1754 248 1794 ιο
275 1732 448 1794 νικὸν
495 1733 769 1813 δίμετρον
825 1732 1245 1810 καταληκτικὸν
1300 1730 1418 1794 ἀπὸ
1463 1743 1786 1815 τροχαϊκῆς.
1928 1734 1993 1796 τὸ
2039 1731 2094 1817 γ’
2140 1734 2301 1799 ἀντι-

276 1821 600 1884 σπαστικὸν
636 1814 740 1881 ἀπ’
773 1819 1106 1903 ἀδιαφόρου
1143 1831 1248 1883 τοῦ
1283 1822 1520 1902 πρώτου
1556 1822 1743 1896 ποδὸς
1781 1824 2054 1907 δίμετρον
2086 1823 2302 1886 ἀκατά-

276 1914 494 1990 ληκτον
559 1911 803 1995 ἰαμβικῇ
866 1910 1369 1990 κατακλειόμενον.
1524 1911 1588 1975 τὸ
1655 1907 1708 1973 δ’
1763 1912 2147 1996 χοριαμβικὸν
2213 1915 2300 1977 δί-

278 2023 490 2083 μετρον
542 1998 967 2078 καταληκτικὸν
1023 1999 1139 2061 ἀπὸ
1187 2002 1467 2082 ἰαμβικῆς
1522 2003 1817 2084 συζυγίας.
1962 2002 2026 2065 τὸ
2074 1999 2120 2064 ε’
2166 2004 2301 2082 ἰαμ-

277 2089 450 2168 βικὸν
509 2090 779 2168 δίμετρον
831 2090 1401 2170 βραχυκατάληκτον.
1544 2090 1609 2152 τὸ
1666 2087 1720 2161 ς’
1767 2090 2153 2165 ἀντίσπαστος
2203 2092 2303 2154 καὶ

197 2201 248 2241 1⁵
279 2177 558 2259 συλλαβή.
711 2176 777 2239 τὸ
843 2174 890 2250 ζ’
949 2178 1189 2240 ἰωνικὸν
1249 2172 1354 2239 ἀπ’
1414 2178 1719 2253 ἐλάττονος
1787 2180 2058 2261 δίμετρον
2125 2204 2301 2242 κατα-

277 2267 552 2347 ληκτικὸν
606 2265 724 2327 ἀπὸ
779 2276 1102 2349 τροχαϊκῆς.
1253 2266 1318 2328 τὸ
1372 2265 1433 2347 η’
1488 2268 1729 2329 ἰωνικὸν
1796 2270 2067 2349 δίμετρον
2122 2269 2302 2351 ὑπερ-

277 2357 656 2435 κατάληκτον.
805 2354 870 2417 τὸ
916 2351 983 2417 θ’
1027 2356 1355 2418 παιωνικὸν
1403 2357 1675 2438 δίμετρον
1719 2357 2162 2436 καταληκτικόν.

277 2445 340 2507 τὸ
406 2440 445 2508 ι’
512 2443 964 2507 ἀντισπαστικὸν
1029 2446 1298 2526 δίμετρον
1361 2447 1931 2528 βραχυκατάληκτον.
2094 2445 2158 2509 τὸ
2223 2442 2302 2508 ια’

278 2532 607 2615 ὁμόχρονον
670 2539 750 2617 τῷ
815 2529 869 2603 ς’
932 2543 1036 2613 τῆς
1101 2543 1383 2614 στροφῆς.
1570 2535 1635 2597 τὸ
1701 2531 1782 2615 ιβ’
1853 2534 2307 2598 ἀντισπαστικὸν

425 2766 455 2813 1
493 2757 830 2828 πρόφαντον
859 2759 1066 2829 K(P)ss:
1104 2759 1401 2827 προφατὸν
1430 2760 1469 2819 Η
1525 2758 1822 2829 πρόφατον
1848 2775 1881 2815 ν
1908 2763 1927 2830 ΙΙ
1954 2761 2163 2832 ἔξοχον.
2194 2781 2306 2830 φα-

281 2831 464 2898 νερὸν,
504 2847 611 2884 om.
651 2830 749 2884 καὶ
778 2832 817 2885 Η
857 2831 958 2900 Ιτῇ
997 2846 1102 2883 om.
1135 2830 1218 2887 ssb
1357 2836 1388 2883 3
1433 2828 1714 2903 Θηβαίου]
1741 2833 2136 2900 Συρακουσίου
2174 2833 2235 2890 ss·

281 2908 313 2956 8
348 2910 452 2956 τοῦ
500 2900 764 2968 δευτέρου
810 2919 836 2955 ε
860 2905 997 2963 δους
1035 2903 1070 2956 Ε
1115 2904 1134 2970 ΙΙ
1181 2902 1395 2971 στροφὴ
1431 2904 1494 2957 V:
1543 2903 1883 2972 ἁντιστροφὴ
1921 2903 1964 2958 Α
2121 2909 2152 2957 9
2192 2905 2307 2959 ἐστὶ

281 2990 386 3027 om.
427 2974 467 3028 V
493 2975 514 3042 ss
543 2971 744 3043 ἴαμβος
779 2972 919 3043 (καὶ
955 2974 1190 3033 διπλοῦς
1223 2973 1525 3046 τροχαῖος)
1558 2976 1589 3028 h
1738 2980 1803 3029 10
1839 2984 2138 3045 τροχαϊκῆς
2173 2992 2303 3046 ego:

278 3040 545 3116 τροχαίου
694 3050 757 3098 11
799 3040 902 3098 ἀπ’
933 3044 1259 3133 ἀδιαφόρου
1299 3045 1334 3099 Ρ
1347 3067 1358 3098 :
1411 3044 1525 3100 ἀπὸ
1564 3043 1846 3114 διαφόρου
1883 3048 1975 3101 ΑΕ
2030 3047 2144 3101 ἀπὸ
2182 3050 2306 3135 Ota:

282 3112 2305 3259 {gffiffieffi{2222‘222233353022’21‘3532152oe220322-‚5‘222‘32525‘220235

283 3258 546 3330 ἰαμβικὸν
583 3254 901 3312 ἀποκλείσει
929 3260 967 3313 V
1090 3264 1156 3311 14
1193 3255 1566 3323 ἀντίσπαστος
1594 3258 1759 3315 cbss:
1800 3258 2234 3315 ἀντισπαστικὸν
2262 3259 2305 3314 Α

282 3326 658 3384 ἀντίσπαστον
698 3329 781 3384 ΕΡ
937 3334 1001 3383 15
1041 3328 1339 3392 ἐλάσσονος
1375 3331 1413 3384 V
1547 3335 1635 3384 ,16
1671 3336 1969 3401 τροχαϊκῆς
2005 3346 2133 3399 ego:
2180 3350 2306 3398 τρο-

282 3397 444 3470 χαίου
491 3400 585 3455 Αν
648 3419 746 3466 τρο
783 3397 924 3455 αίων
971 3399 1196 3455 Tzetzes
1418 3406 1497 3454 16.
1542 3406 1605 3454 17
1652 3399 2141 3473 ὑπερκατάληκτον
2186 3403 2303 3456 AV:

283 3470 666 3540 ἀκατάληπτον
754 3473 932 3526 zetzes
1090 3476 1153 3525 17
1193 3469 1599 3539 καταληκτικόν
1637 3472 1700 3526 V:
1739 3471 2055 3540 ’ὑπερκατοὶλ
2093 3489 2226 3524 κτον
2263 3472 2305 3523 Α

427 3548 491 3596 18
531 3541 1058 3613 βραχυκατοὶληκτον
1088 3541 1405 3597 ΑΒΠΕΡ“’;
1435 3541 1839 3611 καταληπτικόν
1871 3540 2049 3597 fpznv
2126 3542 2304 3592 zetzes

429 3618 492 3667 19
534 3610 842 3683 ὀμόχρονον
880 3616 943 3669 V:
987 3610 1180 3683 ὅμοιον
1218 3612 1261 3667 Α
