2646 3882
944 173 1161 242 Olymp.
1192 173 1271 228 v1
1306 178 1569 228 91—102
2138 173 2263 238 175

239 340 529 418 φάνοιοε
590 337 621 400 ὁ
675 349 845 412 νοῦς·
900 337 1103 419 ἐπειδὴ
1156 337 1219 400 δὲ
1272 339 1341 402 ἐν
1391 339 1548 426 ἀκμῇ
1603 335 1833 418 ἡλικίας
1887 338 2114 422 ἐγένετο
2159 340 2262 403 καὶ

237 428 345 490 τὸν
401 427 631 510 καρπὸν
685 438 791 490 τοῦ
844 429 1061 511 χρόνου
1116 426 1347 510 ἤνεγκε,
1387 423 1396 512 Ι
1436 428 1507 490 τὰ
1560 427 1754 510 γένεια
1800 427 1864 490 δὲ
1909 427 2088 510 λέγει,
2132 429 2260 492 τότε
2288 448 2450 506 aczo

239 517 317 596 δὴ
364 517 839 598 παραγενόμενος
884 519 968 591 εἰς
1014 517 1124 596 τὴν
1156 511 1519 599 Ἐπίδαυρον
1564 517 1807 597 ηὔξατο·
1855 517 1921 580 έν
1958 516 2112 604 μέσῳ
2147 517 2282 601 γὰρ’

222 603 473 679 ’Ἡλιδος
516 605 617 667 καὶ
654 600 966 686 Ἀρκαδίας
1002 603 1041 684 ή
1074 601 1454 688 Ἐπίδαυρος,
1499 599 1585 668 ὧν
1619 603 1660 686 ή
1699 604 1806 687 μὲν
1837 601 2117 688 Ἀρκαδία
2151 607 2262 687 τὴν

188 717 212 756 5
241 694 450 776 ἀρχὴν,
494 691 535 774 ή
583 691 645 756 δὲ
676 685 847 768 3Ηλις
890 695 960 756 τὰ
1005 695 1153 777 πρὸς
1193 702 1317 769 ταῖς
1354 695 1626 777 ἐκβολαῖς
1663 697 1904 758 οἰκεῖται
1940 706 2046 758 τοῦ
2081 718 2262 758 ποτα-

243 793 376 863 μοῦ.
448 782 713 845 ἐνταῦθα
740 776 873 862 οὖν,
914 778 923 868 Ι
964 785 1047 858 εἰς
1082 784 1196 863 τὴν·
1216 779 1602 866 Ἐπίδαυρον,
1637 783 2018 847 ἐπεκαλέσατο
2045 785 2150 847 τόν
2177 808 2236 847 τε
2264 804 2470 860 acuto

240 871 455 934 ἑαυτοῦ
499 872 799 954 πρόγονον
833 874 1185 935 Ποσειδῶνα
1230 872 1336 936 καὶ,
1372 873 1477 936 τὸν
1522 874 1851 956 τοξοφόρον
1897 873 1994 935 καὶ
2039 873 2261 954 ἔφορον

240 971 344 1042 τῆς
390 962 563 1035 θείας
603 962 807 1040 Δήλου
853 962 957 1025 τὸν
998 957 1360 1042 Ἀπόλλωνα,
1403 962 1506 1024 τὸν
1551 961 1765 1025 ἑαυτοῦ
1811 961 2046 1038 πατέρα.
2095 982 2196 1025 102·
2229 982 2262 1038 ο

378 1053 478 1113 96.
547 1043 1243 1134 (χρυσοστεφάνοιοε)
1291 1061 1399 1131 τῆς
1442 1052 1637 1131 τιμίας
1681 1051 1783 1113 καὶ
1827 1050 2118 1133 ἀνθηρᾶς.
2290 1063 2368 1115 8⁸¹

159 1161 213 1200 ιο
378 1144 459 1202 97
482 1161 534 1200 a..
594 1140 868 1220 καρπὸν
912 1141 1116 1221 ήβαςι
1162 1150 1267 1220 τῆς
1313 1147 1465 1202 θεοῦ
1499 1137 1664 1220 λέγει.
1797 1142 1852 1202 b.
1901 1137 1982 1212 ὥς
2017 1141 2259 1221 ἥβησεν.
2287 1161 2319 1204 Α

378 1233 459 1290 97
482 1222 852 1318 ο.”Ἀλφεῷ
899 1227 1107 1314 μέσῳτ
1163 1227 1196 1290 δ
1237 1225 1481 1308 Ἀλφεὸς
1526 1228 1593 1290 ἐκ
1645 1237 1750 1308 τῆς
1791 1222 2102 1311 Ἀρκαδίας
2146 1229 2318 1310 ρέειΑ

239 1315 337 1378 ἐπὶ
388 1316 498 1396 τὴν
548 1317 737 1379 Ἠλιν.
887 1320 942 1378 d.
987 1316 1292 1379 κατελθὼν
1351 1317 1416 1380 έν
1475 1323 1555 1402 τῷ
1613 1324 1854 1402 ποταμῷ
1913 1317 2263 1399 ὑπαίθριος·

238 1405 375 1467 ἀντὶ
426 1415 533 1468 τοῦ
588 1405 709 1469 ὑπὸ
762 1406 867 1469 τὸν
922 1405 1089 1490 ἀέρα·
1144 1406 1211 1468 ἐν
1264 1408 1442 1468 νυκτί
1490 1405 1722 1468 ἐκάλεσε
1764 1406 1869 1468 τὸν
1914 1409 2265 1470 Ποσειδῶνα

235 1494 346 1557 τὸν
390 1493 603 1557 ἑαυτοῦ
649 1496 973 1577 πρόγονον·
1034 1494 1167 1556 ἀντὶ
1211 1505 1316 1558 τοῦ
1363 1497 1610 1558 πάππον
1653 1494 1803 1557 κατὰ
1850 1494 2092 1576 μητέρα·
2121 1477 2288 1582 εἶπε,

154 1605 205 1646 15
233 1583 353 1666 γὰρ
405 1583 473 1646 ἐν
526 1591 649 1657 τοῖς
702 1587 1104 1667 προλαβοῦσιν
1160 1584 1249 1646 ὅτι
1302 1591 1375 1670 τῇ
1422 1585 1678 1670 Πιτάνῃ
1711 1595 1782 1670 τῇ
1833 1587 2046 1671 νύμφῃ
2091 1585 2280 1667 έμὼιη,

237 1673 271 1735 ὅ
322 1674 656 1736 Ποσειδῶν“
714 1673 771 1748 ἐξ
816 1667 892 1753 ἧς
935 1675 1217 1753 Εὐάδνη·
1271 1674 1373 1735 καὶ
1418 1672 1534 1736 ἀπὸ
1578 1673 1869 1754 Εὐάδνης
1914 1674 2016 1735 καὶ
2056 1669 2262 1756 Ἀπόλ-

236 1769 429 1836 λωνος
458 1759 679 1842 Ἴαμος.

378 1856 503 1914 102
526 1873 577 1912 a.
645 1850 1077 1933 λαοτρόφονε
1124 1850 1255 1912 ἀντὶ
1298 1861 1405 1913 τοῦ
1451 1849 1561 1930 τὴν
1608 1851 2040 1932 διατρέφουσαν
2077 1851 2259 1914 αὐτὸν
2285 1875 2317 1918 Α

233 1940 303 2004 ἐκ
350 1950 457 2003 τοῦ
502 1946 650 2003 λαοῦ
687 1940 889 2021 τιμήν·
935 1939 1086 2023 λέγει
1132 1937 1193 2003 δὲ
1240 1939 1350 2021 τὴν
1395 1940 1711 2021 μαντικήν·
1759 1941 1822 2003 οἱ
1860 1940 1972 2023 γὰρ
2008 1950 2264 2003 τοιοῦτοι

152 2050 207 2090 20
234 2030 359 2091 ὑπὸ
416 2039 523 2091 τοῦ
588 2029 864 2108 πλήθους
922 2028 1235 2111 τρέφονται
1294 2031 1732 2111 μαντευόμενοι.
1867 2032 1924 2091 b.
1983 2028 2138 2103 τινὲς
2198 2028 2263 2092 δὲ

234 2118 577 2201 λαοτρόφον
632 2118 778 2197 φασὶ
836 2118 945 2198 τὴν
1000 2121 1299 2198 βασιλείαν
1346 2119 1456 2199 τὴν
1501 2119 1639 2192 τοὺς
1685 2120 1866 2191 λαοὺς
1911 2118 2260 2200 τρέφουσαν.

331 2228 380 2269 ο.
428 2207 757 2289 λαότροφον
804 2199 915 2269 οὖν
960 2208 1493 2289 προπαροξυτόνως
1537 2208 1641 2269 τὸν
1689 2207 1788 2269 διὰ
1831 2218 1938 2288 τῆς
1975 2217 2263 2287 μαντικῆς

234 2296 629 2379 τρεφόμενον,
672 2295 1086 2377 παροξυτόνως
1124 2295 1186 2357 δὲ
1222 2296 1334 2375 τὴν
1370 2296 1707 2379 τρέφουσαν
1743 2296 1846 2359 τὸν
1883 2296 2049 2377 λαὸν,
2097 2319 2263 2358 τουτ-

233 2384 361 2447 έστι
404 2384 509 2446 τὸν
556 2382 744 2465 ὄχλον.

148 2495 201 2537 25
379 2478 504 2536 102
527 2477 581 2534 d.
648 2473 1081 2557 λαοτρόφονε
1148 2473 1253 2553 τὴν
1317 2473 1687 2558 τρεφομένην
1751 2474 1868 2537 ὑπὸ
1921 2484 2040 2536 τῶν
2105 2479 2264 2536 λαῶν
2292 2496 2455 2551 anzo

230 2563 570 2644 ἐπιστήμην
615 2562 802 2648 ἑαυτῷ
848 2563 1046 2624 αἰτῶν.
1111 2585 1190 2625 104
1209 2583 1244 2637 ο

377 2656 505 2713 102
529 2674 576 2713 e.
643 2650 1044 2735 λαοτρόφον
1100 2653 1337 2731 τιμάνε
1392 2650 1702 2732 βασιλικὴν
1757 2650 1966 2733 ἀρχήν·
2027 2640 2073 2737 ᾧ
2129 2652 2227 2715 καὶ
2263 2672 2470 2727 acuto

383 2830 453 2879 13
490 2824 621 2878 Hes,
660 2820 990 2891 ὑπαίθριον.
1032 2821 1184 2876 Suid.
1250 2822 1368 2875 EM
1399 2828 1518 2890 777,
1547 2827 1632 2877 45.
1679 2823 1810 2877 Zon.
1843 2829 1980 2877 1707

380 2990 412 3037 2
452 2982 597 3053 λέγει
634 2982 697 3037 δὲ
732 2982 803 3037 τὰ
839 2980 1028 3052 γένεια
1064 2984 1150 3039 Bv
1286 2988 1316 3035 3
1355 2982 1458 3052 τὴν
1496 2981 1614 3039 Bu:
1652 2982 1752 3038 τὸν
1790 2982 1879 3039 οΕ
1903 2985 1924 3052 ΙΙ
1947 2979 2262 3051 Ἐπίδωρον

229 3055 417 3109 utrob.
452 3055 508 3111 0.
559 3050 909 3123 Ἐπίδαυρον
940 3054 1287 3124 cormptum3
1323 3054 1556 3123 Σαύρου
1591 3054 1828 3123 δειράδα
1865 3054 2145 3126 (Paus.V1
2177 3060 2259 3121 21,

231 3130 287 3196 2)
327 3125 639 3197 significari
674 3125 819 3179 vidit
836 3125 1213 3179 Wilamowitz
1242 3124 1394 3193 Isyll.
1432 3143 1486 3195 p.
1521 3129 1622 3178 183
1745 3132 1779 3179 4
1814 3124 1850 3194 ἡ
1881 3126 2032 3196 (ante
2057 3122 2261 3194 Ἐπίδ.)

230 3215 341 3252 om.
385 3200 441 3263 Ε,
478 3196 608 3251 hab.
641 3196 678 3253 0
717 3212 786 3250 ex
822 3213 958 3251 corr.
988 3198 1006 3265 ΙΙ
1034 3195 1260 3269 <πρὸς>
1296 3195 1400 3265 τὴν
1437 3196 1614 3266 ἀρχὴν
1655 3198 1686 3252 b
1833 3202 1863 3249 5
1900 3195 1970 3250 τὰ
2007 3214 2114 3251 om.
2155 3198 2192 3251 Ε

232 3275 264 3323 6
305 3263 701 3324 οὖν-Ἐπίδ.
741 3285 847 3322 om.
889 3267 926 3324 0
954 3269 973 3337 ΙΙ
999 3266 1125 3339 τὴν]
1162 3267 1261 3322 τὸν
1300 3270 1386 3323 ΕΡΩ
1412 3270 1431 3337 ΙΙ
1458 3287 1516 3322 τε
1554 3284 1660 3321 om.
1693 3269 1730 3323 D
1868 3272 1897 3320 7
1935 3268 2034 3323 τὸν
2072 3269 2129 3321 et
2165 3266 2264 3321 καὶ

231 3342 452 3409 ἔφορον
489 3354 597 3393 om.
640 3342 675 3395 Ε
839 3344 904 3392 13
942 3340 1053 3393 ὑπὸ
1095 3340 1153 3394 b:
1190 3338 1331 3407 ὑπὲρ
1497 3344 1563 3393 15
1599 3340 1982 3410 προλαβοῦσιν
2015 3339 2086 3393 A:
2121 3356 2262 3405 προ-

227 3415 489 3467 arc-&stow
528 3410 560 3463 b
690 3416 755 3465 18
794 3410 995 3535 αὐτὸνέ
1030 3430 1103 3463 av
1144 3426 1210 3464 ex
1248 3427 1384 3465 corr.
1515 3415 1582 3463 25
1622 3409 1796 3473 ἄλλως
1828 3424 2038 3478 praem.
2079 3407 2121 3464 ss

230 3488 300 3539 27
340 3482 379 3535 1.
415 3481 478 3537 E:
521 3478 693 3544 ἄλλως
726 3483 772 3536 λ.
802 3501 847 3535 τ.
880 3483 920 3536 Β
996 3484 1133 3545 λλως
1162 3484 1199 3538 D
1237 3479 1556 3551 λαοτρόφον
1584 3480 1621 3537 0
1661 3479 1862 3536 αἰτέων
1889 3483 1934 3533 λ.
1952 3500 2000 3533 τ.
2023 3477 2064 3535 D
2089 3480 2109 3547 ΙΙ
2135 3478 2255 3546 βασ-

229 3552 419 3628 ἀρχήν
459 3569 567 3606 om.
607 3551 649 3608 ss
690 3553 709 3621 11
755 3542 821 3623 ᾧ]
860 3552 935 3615 ὡς
972 3555 1009 3609 D
