2646 3882
366 209 495 275 342
1256 210 1482 265 Scholia,
1589 233 1592 239 ·

636 408 894 479 Scholia
938 408 1010 475 in
1056 407 1644 497 Olympionicarum
1691 406 1952 505 carmen
2001 409 2137 491 XI.¹
2227 435 2230 444 =

158 554 363 599 Λοοοε
500 540 597 622 Τῷ
642 538 801 622 αὐτῷ
845 538 1031 611 τόκος.
1169 602 1171 605 ,
1941 605 1945 610 ,
2357 606 2363 611 ,

196 644 360 700 Βυεο
499 629 621 687 Τοῦ
668 624 747 687 ια’
786 627 985 700 εἴδους
1029 624 1067 705 ἡ
1114 626 1342 708 στροφὴ
1387 626 1487 688 καὶ
1533 626 1921 708 ἀντίστροφος
1966 628 2171 701 κώλων
2219 625 2297 707 ς’,
2342 626 2384 707 ἡ

360 712 424 775 δὲ
468 712 693 799 ἐπῳδὸς
738 716 943 777 κώλων
990 712 1044 775 ι’.
1182 714 1247 777 τὸ
1283 714 1340 775 α’
1388 713 1726 797 ἰαμβέλεγος
1770 725 1876 795 τῆς
1919 718 2248 789 τελευταίας
2297 718 2386 790 εἰς
2420 766 2427 771 .

358 802 468 882 τὴν
522 800 708 885 ἀρχὴν
765 806 1191 882 μετατεθείσης.
1337 804 1400 865 τὸ
1439 803 1493 883 β’
1550 804 1754 884 ὅμοιον
1810 810 1889 889 τῷ
1945 802 2002 865 α’
2055 805 2215 886 παρὰ
2270 806 2386 885 τὴν

356 894 687 954 τελευταίαν
733 893 1048 973 συλλαβήν.
1184 892 1247 953 τὸ
1284 887 1340 973 γ’
1385 892 1448 955 τὸ
1493 893 1635 954 αὐτὸ
1683 892 1842 974 παρὰ
1896 893 2000 954 τὸν
2045 900 2381 969 τελευταῖον
2442 918 2468 958 5

356 981 527 1043 πόδα.
670 981 733 1042 τὸ
781 976 835 1042 δ’
898 982 1105 1061 μικτὸν
1165 980 1229 1045 ἐκ
1285 980 1558 1064 διμέτρου
1613 992 1923 1065 τροχαϊκοῦ
1979 983 2078 1043 καὶ
2125 980 2380 1061 ἡμίσεος

356 1069 553 1143 ἔπους.
703 1070 767 1133 τὸ
814 1067 860 1132 ε’
934 1071 1243 1153 τροχαϊκὸν
1306 1072 1610 1151 τρίμετρον
1674 1072 2240 1152 βραχυκατᾶληκτον,
2293 1073 2381 1145 εἰς

356 1158 572 1239 ἴαμβον
620 1161 964 1245 Πινδαρικῷ
1010 1159 1155 1222 ἔθει.
1290 1159 1356 1222 τὸ
1403 1158 1458 1229 ς’
1504 1160 1857 1240 ἶαμβέλεγος.
2070 1224 2074 1229 ,
2205 1188 2208 1191 ’
2298 1160 2300 1162 ’

489 1245 525 1326 ἡ
574 1246 637 1308 δὲ
675 1247 901 1333 ἐπῳδὸς
936 1249 1143 1311 κώλων
1180 1244 1235 1309 ι’.
1373 1249 1436 1311 τὸ
1465 1244 1531 1309 α’
1575 1248 2078 1329 ἕγκωμιολογικόν.
2217 1250 2280 1310 τὸ
2319 1248 2378 1326 β’

356 1337 627 1418 δίμοιρον
672 1336 871 1409 ἔπους.
1004 1338 1069 1399 τὸ
1094 1333 1159 1417 ..γ’
1207 1338 1545 1419 ἰαμβέλεγος
1591 1337 1747 1418 παρὰ
1799 1338 1922 1416 τὴν,
1947 1338 2188 1417 πρώτην
2235 1344 2374 1400 συλ-
2409 1362 2465 1401 ιο

354 1426 561 1505 λαβήν.
698 1426 761 1486 τὸ
809 1421 863 1487 δ’
916 1424 1223 1507 τροχαϊκὸν
1278 1427 1585 1507 τρίμετρον·
1637 1427 2073 1505 καταληκτικόν.
2219 1427 2282 1489 τὸ
2329 1425 2377 1489 ε’

352 1513 416 1575 τὸ
464 1513 624 1575 αὐτό.
759 1511 823 1575 τὸ
848 1513 921 1583 ,ς’
967 1515 1372 1594 Εὐριπίδειον.
1509 1515 1572 1577 τὸ
1620 1510 1670 1587 ζ’
1709 1514 2202 1597 ἐγκωμιολογικὸν
2247 1516 2378 1577 ἐπι-

354 1604 673 1683 λαμβάνον.
826 1603 889 1665 τὸ
936 1599 993 1683 η’
1065 1603 1446 1684 χοριαμβικὸν
1512 1605 1782 1684 δίμετρον
1845 1604 2376 1683 ὑπερκατάληκτον.

442 1691 505 1751 τὸ
534 1687 600 1752 θ’
628 1690 1033 1772 Εὐριπίδειον.
1152 1692 1212 1753 τὸ
1242 1690 1282 1753 ι’
1309 1692 1620 1774 τροχαϊκὸν
1651 1694 1922 1774 δίμετρον
1951 1692 2374 1771 ἀκατάληκτον.

142 1798 353 1854 acuto
486 1782 667 1842 Inscr.
707 1801 759 1841 a..
832 1780 1002 1855 τόκος
1047 1780 1480 1863 ἐπιγέγραπται,
1526 1781 1724 1861 ἐπειδὴ
1771 1780 1835 1843 έν
1873 1781 2228 1863 προσθήκης
2274 1782 2375 1862 με’-
2409 1806 2462 1845 15

352 1890 441 1951 ρει
484 1874 811 1932 τελευταῖον
866 1868 1148 1954 γέγραφε,
1203 1872 1475 1952 καθάπερ
1522 1870 1622 1932 καὶ
1666 1870 1763 1931 ἐπὶ
1807 1880 1924 1938 τῶν
1971 1872 2377 1951 δανεισμάτων

351 1957 414 2020 τὸ
452 1957 923 2042 προστιθέμενον
948 1955 1124 2033 ’ἐκτὸς
1159 1970 1264 2022 τοῦ
1292 1959 1554 2041 ἀρχαίου.
1610 1961 1780 2034 τόκος
1817 1957 1880 2021 δὲ
1917 1959 2190 2038 κέκληται
2216 1962 2377 2042 παρὰ

125 2066 367 2122 (monto
397 2047 459 2110 τὸ
496 2046 855 2130 ἐπιτετέχθαι
890 2049 991 2110 καὶ
1028 2047 1480 2129 ἕπιγεγενῆσθαι
1515 2056 1594 2134 τῷ
1633 2049 1887 2133 ἀριθμῷ.
2005 2051 2058 2109 b.
2099 2055 2180 2134 τῷ
2217 2049 2377 2134 αὐτῷ

348 2136 641 2218 γέγραφεν
688 2137 753 2198 ἐν
798 2139 1153 2217 προσθήκης
1206 2136 1364 2218 μέρει
1421 2138 1629 2211 διδοὺς
1675 2136 1756 2211 ὡς
1800 2137 1876 2198 ἂν
1921 2138 2098 2199 τόκον
2156 2138 2256 2199 διὰ
2309 2140 2376 2200 τὸ

352 2226 433 2305 μὴ
479 2227 637 2309 παρὰ
683 2226 786 2288 τὸν
831 2237 937 2307 τῆς
985 2228 1155 2306 νίκης
1198 2226 1408 2307 καιρὸν
1452 2225 1810 2308 γεγραφέναι
1853 2226 1956 2288 τὸν
2001 2226 2284 2288 ἐπίνικον.
2407 2250 2462 2290 3ο

496 2388 523 2435 1
562 2379 726 2435 inser.
754 2369 930 2442 ’τόκος
959 2380 998 2437 ss
1053 2377 1195 2451 ἀρχὴ
1224 2379 1396 2434 τόκου
1427 2381 1464 2434 Ρ
1573 2386 1604 2432 2
1641 2379 1676 2448 ἡ
1707 2379 1920 2448 στροφὴ
1959 2381 2150 2435 κώλων
2189 2373 2250 2440 ς”
2278 2382 2379 2434 καὶ

350 2450 385 2520 ἡ
424 2449 796 2521 ἀντίστροφος
831 2447 1034 2522 ὁμοίως
1064 2453 1099 2505 Ε
1125 2454 1145 2520 ΙΙ
1171 2450 1206 2520 ἡ
1235 2451 1384 2505 δὲ-
1403 2457 1435 2504 3
1475 2449 1510 2505 ι’
1542 2469 1650 2506 om.
1683 2451 1775 2508 Dss
1883 2457 1932 2504 2.
1955 2457 1986 2504 3
2023 2450 2059 2520 η
2099 2451 2286 2523 ἐπῳδὴ
2318 2454 2376 2519 Β,

352 2538 457 2575 om.
488 2522 551 2578 δὲ
658 2529 693 2576 4
720 2521 823 2590 τὴν
852 2524 975 2592 (pr.)
1004 2538 1110 2576 om.
1135 2524 1174 2578 Β
1200 2523 1220 2591 ΙΙ
1246 2526 1511 2576 κατατεθ.
1545 2525 1582 2578 D
1620 2519 2010 2592 μετατιθείσης
2040 2525 2075 2577 Ε
2185 2528 2216 2575 6
2253 2543 2379 2591 τρο-

385 2590 514 2648 αίου
545 2595 584 2649 Β
601 2594 637 2647 Ε
748 2598 778 2645 7
808 2591 1066 2662 δίμετρον
1097 2594 1132 2647 Ε
1160 2594 1178 2661 ΙΙ
1207 2591 1464 2666 <λῆγον>
1487 2593 1568 2657 εἰς
1592 2592 1746 2648 Book
1783 2593 1864 2656 εἰς
1891 2591 2042 2664 ἴαμβ.
2063 2597 2379 2663 καταλῆγον

394 2663 511 2718 ricl.
693 2669 725 2718 8
770 2664 833 2718 τὸ
882 2662 931 2724 ς’
972 2661 1231 2736 ίαμβικὸν
1276 2660 1366 2733 τρί
1406 2683 1567 2731 ετρον
1620 2663 2004 2733 ἀκατάληκτον
2051 2666 2374 2736 (βραχυκατ.

348 2732 595 2802 Tzetzes,
629 2734 821 2805 Pauw)
858 2732 893 2804 ἢ
933 2733 1253 2806 ἰαμβέλεγος
1281 2734 1322 2790 (1
1381 2737 1611 2790 zetzesv
1729 2740 1759 2787 9
1799 2733 1834 2804 ἡ
1871 2735 1935 2790 δὲ
1973 2735 2226 2807 ἐπῳδῶς)
2269 2735 2375 2792 ssv:

348 2804 384 2874 ’ἡ
423 2805 712 2875 ἐπωδ(ὸςῗ)
754 2808 793 2860 Β
849 2805 945 2859 καὶ
981 2805 1017 2874 ἡ
1056 2805 1242 2878 ἐπῳδὴ
1283 2808 1320 2860 D
1376 2813 1474 2876 τῆς
1512 2806 1759 2878 ἐπῳδοῦ,
1808 2809 1914 2860 om.
1953 2809 2078 2860 κωλ.
2119 2805 2158 2859 ι’
2197 2807 2232 2860 Ε
2311 2808 2318 2820 ”

353 2882 416 2930 11
455 2858 715 2945 ὃίμετρον
755 2877 815 2934 0⁸
842 2876 995 2948 (del.)
1143 2882 1313 2932 1213
1356 2876 1678 2946 ἐπιλαμ’νον
1718 2879 1753 2932 Ε
1801 2877 2001 2947 ἐπιλαμ
2037 2875 2275 2932 οὶνονται
2311 2878 2376 2932 δὲ

347 2949 523 3003 αὐτοῦ
559 2947 658 3003 διὰ
683 2949 784 3003 τὸν
811 2947 1088 3004 δάκτυλον
1126 2948 1245 3003 cod.
1274 2947 1539 3017 Trichae3
1578 2947 1837 3003 similiter
1871 2947 2000 3002 Trio
2027 2993 2038 3004 .
2179 2954 2244 3002 13
2280 2955 2377 3018 χο·-

347 3019 645 3091 ριαμβικὸν
682 3019 866 3085 Tficl„
890 3021 947 3074 b:
984 3016 1293 3091 χορίαμβον
1323 3021 1460 3074 05⁸⁰
1496 3017 1799 3092 χορίαμβος
1829 3019 2074 3076 Bfivessu
2113 3022 2132 3088 ΙΙ
2168 3021 2375 3090 βραχυ-

345 3110 465 3145 κατ.
499 3091 634 3148 Εο“’
746 3097 812 3145 14
838 3089 1024 3162 denda]
1064 3107 1169 3145 om.
1203 3093 1285 3146 uh
1334 3091 1526 3160 ὑπερκ.
1560 3093 1597 3146 G
1711 3096 1774 3144 15
1811 3095 1886 3162 τῷ
1926 3091 2074 3162 αὐτῷ
2102 3101 2308 3160 praem.
2333 3093 2376 3156 B

345 3165 421 3235 τῷ
451 3163 601 3234 αὐτῷ
636 3161 800 3224 τόκος
834 3178 1045 3232 praem.
1084 3177 1116 3214 v
1144 3164 1162 3233 ΙΙ
1191 3160 1590 3231 ἐπιγέγραπται
1629 3162 1693 3232 G:
1741 3160 2048 3230 γέγραπται
2089 3161 2320 3226 Boea*

350 3239 415 3286 16
452 3235 583 3303 posi:
618 3231 862 3302 γέγραφε
898 3232 1135 3288 inseruit
1174 3237 1238 3286 19
1268 3234 1622 3296 διδοὺς-20
1651 3230 1908 3288 ἐπίνικον
1938 3234 1978 3300 Β
2090 3238 2153 3286 17
2183 3231 2376 3300 κέκλη-

346 3323 439 3356 ται
468 3304 584 3358 Be:
621 3301 837 3372 λέγεται
876 3303 963 3359 OD
1020 3301 1326 3374 γέγραπται
1365 3303 1405 3358 ss
1570 3309 1635 3357 18
1675 3303 2026 3373 ἐπιτετέχθαι
2065 3303 2210 3359 0⁴?v:
2256 3303 2376 3357 ἐπι·

346 3372 617 3444 τετάχθαι
670 3374 689 3446 ΙΙ
743 3376 969 3443 ἀριθμῶ
1009 3378 1095 3446 GD
1114 3375 1225 3430 Ess:
1274 3375 1501 3445 ἀριθμῷ
1545 3383 1644 3430 τοῦ
1683 3371 2050 3442 δανείσματος
2087 3375 2170 3429 Βν

353 3448 559 3498 18-20
594 3447 725 3514 post
760 3445 795 3498 1.
864 3429 1064 3500 scholii
1102 3451 1175 3499 lc
1210 3445 1424 3500 habent
1461 3446 1628 3512 DEss3
1673 3445 1766 3498 hic
1803 3462 1910 3499 om.
1943 3446 2008 3511 Β,
2056 3444 2154 3499 cfr.
2195 3444 2268 3498 ad
2309 3450 2374 3498 16

494 3521 559 3570 19
605 3514 885 3586 γέγραφεν
934 3517 1158 3586 scripsi:
1214 3516 1276 3570 δὲ
1325 3515 1606 3586 γέγραφεν
1645 3515 1682 3571 0
1737 3514 2043 3584 γέγραπται
2091 3514 2232 3570 DEss
2285 3517 2384 3588 (τῷ

348 3585 578 3660 αὐτῷ-
599 3585 750 3655 μέρει
779 3603 885 3640 om.
920 3588 980 3656 Β)
1127 3592 1195 3640 20
1234 3584 1488 3642 ἐπίνικον
1528 3586 1694 3643 B'Gss:
1733 3583 2010 3640 ἐπινίκιον
2049 3586 2138 3639 ΠΕ
