2646 3882
1007 236 1226 307 Olymp.
1256 237 1305 290 X
1344 242 1570 290 67--78
1671 253 1681 265 ·
2172 234 2302 305 329

416 406 568 465 7211.
631 405 737 477 τίς
785 403 867 483 δὴ
914 404 1317 467 ποταίνιονε
1366 407 1648 484 Δωρικῶς
1693 401 1796 464 τὸν
1840 402 2200 484 πρόσφατον.
2301 422 2416 477 Aeo

272 514 323 554 e.
369 495 460 566 τίς
508 491 583 572 δὴ
632 485 745 555 οὖν
790 493 1145 572 προσφάτως
1188 492 1289 553 καὶ
1327 491 1391 553 ἐν
1429 490 1575 577 ἀρχῇ
1611 502 1852 572 νικῆσαι
1891 492 2228 572 δεδύνηται,
2254 510 2494 567 stanneo

270 580 406 661 ’ἤτοι
471 582 572 643 διὰ
626 592 834 663 χειρῶν
878 580 919 663 ἣ
978 582 1179 667 δρόμῳ
1222 578 1263 661 ἢ
1308 582 1556 660 ἅρματι,
1596 582 1604 658 Ι
1645 579 1899 655 ἐνδόξως
1959 578 2068 659 μὲν
2125 581 2303 655 αὐτὸς
2329 600 2487 657 Aeto

276 672 744 753 ἀγωνισάμενος,
788 670 853 732 τὸ
900 667 964 733 δὲ
1008 680 1114 732 τοῦ
1161 669 1392 751 ἀνταγω
1400 680 1598 732 νιστοῦ
1645 667 1811 743 κλέος
1855 669 2158 744 καθελώνς

214 780 241 821 5
408 764 489 820 72
512 763 553 823 f.
600 758 807 832 ἄλλως·
848 759 1225 821 ποταίνιον
1252 757 1388 820 ἀντὶ
1411 768 1518 821 τοῦ
1555 758 1920 840 πρόσφατον,
1957 758 2188 841 νεαρόν.
2239 758 2304 820 ἐκ
2330 780 2361 822 Α

275 847 341 911 δὲ
388 859 499 910 τοῦ
544 854 1146 930 παρακολουθοῦντος
1192 856 1307 908 νῦν
1355 849 1667 927 σημαίνειν
1703 848 1990 927 βούλεται.
2119 870 2173 927 g.
2221 850 2309 921 τίς

271 948 517 1019 πρῶτον
562 936 721 1017 ἔλαχε
769 935 1085 1016 στέφανον,
1132 935 1224 996 ὅτε
1270 935 1452 1014 ἔθηκε
1499 936 1602 997 τὸν
1647 934 1847 1017 ἀγῶνα
1883 932 2208 1018 ἹΙρακλῆςς

418 1029 502 1086 74
523 1046 574 1087 a.
646 1025 721 1088 ἐν
769 1025 939 1109 δόξᾳ
983 1025 1317 1104 θέμενοςε
1366 1024 1498 1086 ἀντὶ
1533 1035 1638 1087 τοῦ
1676 1024 1921 1099 ἔνδοξον
1958 1026 2207 1105 νομίσας
2243 1025 2306 1087 τὸ
2335 1047 2366 1089 Α

275 1125 539 1194 νικῆσαι.
668 1115 724 1174 b.
762 1113 1021 1175 τουτέστι
1058 1112 1367 1193 συλλαβὼν
1399 1112 1509 1192 τὴν
1547 1112 1725 1193 εὐχὴν
1754 1111 1793 1193 ἢ
1820 1115 2094 1195 καύχημα
2119 1111 2310 1194 (τοῦ)

191 1226 246 1266 ιο
276 1204 723 1284 ἀνταγωνιστοῢ
786 1201 1057 1265 καθελὼν
1124 1202 1223 1262 διὰ
1276 1212 1384 1263 τοῦ
1439 1201 1630 1283 ἔργον.
1776 1223 1822 1263 ο.
1879 1200 1920 1282 ἢ
1975 1203 2187 1275 οὕτως·
2244 1203 2308 1265 τὸ

276 1293 541 1375 ἀγώνιον
588 1283 758 1372 εὖχος
806 1290 987 1365 δόξαν
1030 1289 1284 1369 θέμενος
1330 1290 1430 1352 καὶ
1475 1290 1621 1375 ἔργῳ
1665 1289 1939 1352 καθελὼν
1986 1290 2147 1355 αὐτό.

420 1382 503 1442 74
523 1382 577 1439 d.
643 1379 955 1461 ἀγώνιον
992 1369 1196 1460 εὖχος
1233 1377 1408 1465 ἔργῳ
1444 1379 1796 1441 καθελώνε
1842 1381 1906 1442 τὸ
1944 1379 2305 1462 ὑπερβατόν·
2335 1402 2498 1460 acto

274 1470 541 1552 ἀγώνιον
602 1461 769 1550 εὖχος
795 1532 801 1537 ,
832 1467 1136 1546 καθελὼν,
1204 1468 1269 1530 τὸ
1330 1478 1437 1530 τοῦ
1502 1467 1976 1548 ἀνταγωνιστοῦ,
2039 1470 2138 1531 καὶ
2200 1468 2310 1548 τὴν

274 1560 492 1637 νίκην,
554 1555 666 1635 τὴν
722 1556 906 1619 αὐτοῦ
962 1556 1172 1637 εὐχὴν,
1235 1555 1386 1643 ἔργῳ
1449 1555 1781 1637 ἀποβαλών.
1929 1579 1977 1619 e.
2033 1556 2074 1638 ἢ
2128 1558 2308 1622 οὕτω·
2338 1582 2502 1639 περ

190 1670 245 1710 15
276 1645 595 1727 συλλαβὼν
640 1645 750 1725 τὴν
796 1645 1007 1725 εὐχὴν,
1052 1645 1084 1707 ὅ
1128 1645 1248 1707 ἐστι
1292 1646 1358 1707 τὸ
1402 1648 1677 1726 καύχημα
1720 1658 1825 1709 τοῦ
1871 1646 2310 1729 ἀνταγωνιστοῦ

275 1734 559 1799 καθελὼν
607 1734 706 1795 διὰ
750 1743 857 1796 τοῦ
903 1732 1094 1815 ἔργου.
1147 1753 1245 1797 εεε
2099 1790 2108 1795 ,

422 1827 503 1885 75
527 1844 579 1884 a..
645 1817 747 1905 (ἐν
793 1822 962 1906 δόξᾳ
1015 1817 1380 1905 θέμενοςε)
1437 1822 1681 1897 ἔνδοξον
1735 1825 1986 1905 νομίσας
2032 1826 2096 1888 τὸ
2143 1836 2312 1906 νικῆ-
2343 1842 2419 1894 ael

274 1934 397 1978 σαι.
541 1914 597 1974 b.
643 1910 682 1992 ἢ
727 1910 980 1991 θέμενος
1038 1911 1101 1974 τὸ
1156 1909 1504 1985 ἀποτελέσας
1558 1910 1723 1993 λέγει.
1870 1934 1916 1976 ο.
1975 1912 2014 1995 ἢ
2060 1913 2316 1996 θέμενος

276 2004 383 2066 καὶ
428 2001 684 2080 ποιήσας
729 2000 942 2062 ἑαυτὸν
987 1999 1053 2061 ἐν
1100 2001 1262 2086 δόξῃ.

190 2117 246 2156 20
422 2095 458 2152 7
468 2096 506 2152 6
529 2112 582 2151 a.
646 2089 710 2151 τὸ
756 2089 936 2167 εὐθὺ,
980 2089 1044 2150 τὸ
1091 2089 1171 2169 μὴ
1217 2089 1353 2170 ἔχον
1389 2088 1634 2170 καμπὴν
1670 2091 1942 2173 καθάπερ
1982 2091 2014 2154 ὃ
2052 2095 2312 2166 δίαυλος.
2341 2118 2372 2160 Α

421 2180 580 2240 7610.
642 2179 935 2239 στάδιον
982 2175 1107 2258 μὲν
1154 2177 1571 2259 ἀρίστευσεν
1617 2179 2048 2243 εὐθύτονονε
2104 2182 2518 2263 εὐθὺ,κοοερ

276 2271 345 2334 τὸ
394 2269 479 2350 μὴ
526 2265 659 2348 ἔχον
702 2265 970 2346 καμπὴν,
1013 2266 1118 2328 τὸν
1162 2265 1392 2330 ἁπλοῦν
1437 2268 1677 2348 δρόμον.

422 2360 505 2418 78
526 2377 578 2418 a.
651 2355 954 2428 Οἰωνός;
1007 2355 1111 2417 τὸν
1171 2357 1410 2418 Οἰωνὸν
1464 2355 1496 2417 ὁ
1554 2358 1868 2436 Πίνδαρος·
1914 2356 2034 2437 ἤδη
2079 2358 2369 2440 ἠνδρω-Α

281 2448 469 2528 μένον
516 2453 759 2525 νικῆσαι
813 2445 1053 2506 στάδιον
1096 2444 1229 2524 περὶ
1284 2445 1394 2524 τὴν
1439 2447 1682 2527 πρώτην
1727 2445 1904 2508 θέσιν
1949 2457 2064 2509 τῶν
2105 2442 2314 2530 Ὀλυμ-

431 2623 459 2670 1
500 2615 538 2668 l.
578 2617 644 2670 A:
684 2613 859 2676 ἄλλως
898 2615 987 2670 ΕΟ.
1022 2617 1042 2683 ΙΙ
1077 2615 1175 2669 τὸν
1214 2617 1281 2671 A:
1320 2616 1383 2671 τὸ
1425 2617 1514 2674 ΕΩ
1549 2621 1567 2687 ΙΙ
1610 2620 1742 2686 post
1775 2619 1982 2687 πρόσφ.
2023 2620 2153 2674 add.
2193 2618 2317 2677 οἷον

280 2689 365 2760 (τὸ
404 2685 500 2741 ἴον
531 2688 588 2755 Ε)
624 2685 723 2739 τὸν
759 2693 982 2752 πρῶτον
1020 2685 1301 2753 στέφανον
1334 2687 1423 2744 ΕΩ
1529 2695 1560 2741 2
1601 2688 1714 2742 sch.
1748 2695 1857 2744 ’128
1895 2690 2071 2753 ἄλλως
2105 2709 2315 2761 praem.

279 2764 319 2816 V
356 2762 376 2830 u
414 2755 501 2819 τίς
537 2757 609 2825 δὴ
646 2753 775 2826 οὖν]
820 2753 873 2809 τί
911 2752 1013 2809 οὖν
1054 2759 1136 2810 2⁸⁰
1281 2764 1313 2810 3
1353 2757 1593 2825 ἐνδόξως
1628 2777 1736 2814 om.
1775 2762 1818 2815 A
1972 2768 2006 2814 4
2044 2765 2318 2832 ἀγωνιού-

279 2850 453 2900 μενος
480 2829 523 2883 Α
550 2830 571 2896 ΙΙ
597 2827 791 2894 ἀνταγ.
822 2826 943 2882 Ass:
984 2826 1294 2895 ἀγωνιστοῢ
1327 2829 1414 2884 GE
1441 2833 1460 2899 ΙΙ
1486 2830 1643 2892 κλέος
1670 2833 1736 2887 A:
1778 2827 1939 2902 εὖχος
1976 2834 2116 2890 (3Εο
2143 2837 2162 2904 ΙΙ
2188 2838 2318 2904 post

278 2899 547 2958 καθελών
576 2897 707 2952 add.
735 2895 799 2949 τὸ
827 2896 1249 2967 ὑπερβατόνε-
1280 2900 1317 2955 G
1446 2907 1477 2954 6
1506 2911 1727 2968 πρῶτον
1755 2903 1991 2972 excidit3
2022 2903 2118 2958 cfr.
2143 2911 2178 2960 V
2204 2907 2318 2960 7210

431 2976 461 3022 ⁷
504 2967 611 3022 3n:
652 2969 689 3021 V
732 2971 838 3019 720
1021 2973 1053 3020 8
1092 2969 1292 3034 ἔνδοξα
1457 2977 1486 3025 9
1525 2971 1675 3044 (τὸ)
1714 2973 1972 3045 καύχημα
2009 2975 2319 3030 Mommsen

279 3041 468 3114 suppl.
516 3058 570 3109 p.
605 3042 706 3092 148
752 3038 771 3104 ΙΙ
815 3045 913 3091 τοῦ
961 3038 1157 3092 addidi
1204 3058 1273 3094 ex
1308 3043 1348 3096 V
1386 3043 1503 3096 ud
1685 3049 1750 3097 10
1797 3053 1898 3098 τοῦ
1946 3045 2112 3116 ἔργον
2151 3063 2224 3100 an
2255 3048 2318 3101 τὸ

280 3117 451 3186 ἔργον
490 3114 533 3166 Α
588 3109 785 3162 incert.
943 3114 1006 3161 12
1054 3108 1091 3162 l.
1132 3110 1169 3165 θ
1217 3114 1346 3181 (om.
1389 3113 1546 3182 ἔργω,
1583 3116 1650 3166 ut
1693 3118 1746 3184 ν)
1787 3115 1898 3172 Eu:
1949 3116 2037 3186 ἀγ.
2078 3117 2138 3172 ἐν
2175 3116 2317 3183 δόξα

277 3187 529 3256 θέμενος
559 3183 597 3235 Β
626 3183 645 3249 ΙΙ
672 3180 802 3247 post
837 3179 875 3231 1.
906 3178 1034 3232 add..
1065 3181 1328 3248 ἀγώνιον,
1367 3167 1575 3249 ἄδοξον
1602 3183 1844 3254 θέμενος
1878 3201 1911 3240 v
1939 3189 1958 3255 11
1984 3187 2048 3241 τὸ
2069 3219 2138 3227 -
2161 3193 2227 3241 13
2254 3171 2318 3242 τῧ

280 3274 392 3311 om.
436 3255 473 3310 C
514 3251 635 3322 (cfr.
676 3253 730 3319 4)
896 3254 961 3303 13
998 3250 1061 3304 τὸ
1098 3267 1205 3307 om.
1248 3253 1338 3310 Eu
1381 3256 1400 3324 ΙΙ
1445 3256 1756 3325 ἀγωνιστοῢ
1796 3257 1833 3312 0
2000 3264 2068 3311 14
2115 3257 2318 3315 ἑαυτοῦ

282 3325 430 3385 GEss
469 3327 489 3393 ΙΙ
525 3321 828 3391 ἀποβαλών
866 3337 972 3374 om.
1013 3322 1051 3374 B
1091 3321 1197 3376 del.
1236 3323 1549 3381 Mommsen
1584 3326 1622 3382 l.
1660 3327 1696 3380 l.
1738 3330 1826 3397 (ex
1859 3328 2198 3400 καταβαλὼν
2236 3347 2322 3384 or-

280 3403 408 3454 tum
448 3393 788 3462 suspicatus)
918 3397 983 3445 15
1020 3399 1118 3446 τοῦ
1152 3394 1316 3451 DEss:
1357 3397 1420 3451 τὸ
1455 3406 1556 3452 τοῦ
1597 3400 1678 3454 Βν
1799 3402 1864 3451 18
1901 3398 2147 3466 θέμενος
2184 3400 2250 3467 τὸ
2282 3404 2320 3456 Β

397 3471 467 3520 20
503 3465 568 3519 τὸ
603 3462 677 3552 μὴ
707 3467 742 3516 V
782 3464 870 3531 (76
883 3463 965 3531 b):
1005 3458 1107 3519 οὖν
1135 3463 1207 3533 μὴ
1238 3467 1280 3520 Α
1306 3469 1328 3535 ΙΙ
1355 3468 1519 3538 ἔχωνς
1550 3470 1588 3523 V
1616 3472 1635 3538 ΙΙ
1661 3468 1889 3537 κάμπην
1918 3470 2008 3523 Am
2046 3462 2321 3539 κάμπτειν

281 3543 378 3597 Αιι»ο
493 3541 561 3588 22
599 3552 825 3603 καμαιον
864 3535 901 3588 Ε
1028 3538 1094 3586 23
1132 3534 1232 3589 τὸν
1293 3539 1358 3592 τὸ
1396 3540 1438 3593 Α
1476 3538 1594 3608 (cfr.
1637 3540 1677 3595 u
1715 3544 1836 3607 330,
1852 3543 1906 3608 4)
2037 3546 2119 3594 23.
2144 3547 2212 3594 24
2249 3536 2321 3610 ἦν

284 3610 578 3679 δρώμενον
606 3607 625 3674 ΙΙ
653 3600 877 3672 νικῆσαί
916 3621 1052 3673 φησι
1090 3606 1127 3658 V
1170 3609 1233 3659 78
