2646 3882
355 236 438 300 10
1053 237 1277 292 Scholia
1311 237 1374 291 in
1408 237 1715 292 Pindarum

229 456 346 511 εΡο
1139 439 1585 502 Πένταθλον.

463 561 654 643 ’Ἇλμα
699 564 883 637 ποδὸς
931 565 1138 627 δίσκου
1183 587 1243 626 τε
1287 565 1436 646 βολὴ
1482 565 1583 627 καὶ
1626 563 1877 640 ἄκοντος
1922 565 2075 648 ἐρωή

477 653 576 714 καὶ
623 653 840 735 δρόμος
886 651 990 733 ἠδὲ
1037 654 1224 733 πάλη·
1284 655 1389 734 μία
1436 649 1494 715 δ’
1536 654 1736 718 ἔπλετο
1782 665 1926 716 πᾶσι
1970 656 2221 734 τελευτή.

461 809 652 892 ’Ἄλμα
695 813 851 893 πάλη
899 813 1183 893 δίσκευμα
1229 814 1439 887 κοντὸς
1484 814 1584 876 καὶ
1632 814 1867 896 δρόμος.

230 1040 347 1098 ΕΡο
855 1028 987 1101 Εἰς
1032 1029 1196 1102 τοὺς
1240 1027 1446 1090 ἐννέα
1491 1028 1851 1110 λυρικούς.

473 1165 686 1230 Ἐννέα
729 1179 848 1229 τῶν
893 1167 1141 1250 πρώτων
1186 1174 1443 1251 λυρικῶν
1490 1170 1719 1251 πάτρην
1762 1171 1975 1252 γενεήν
2018 1195 2078 1232 τε

569 1259 870 1338 μάνθανε,
915 1258 1014 1319 καὶ
1060 1257 1310 1340 πατέρας
1355 1258 1457 1320 καὶ
1503 1259 1805 1322 διάλεκτον
1850 1257 2042 1341 ἄθρει.

476 1341 561 1409 ὧν
606 1350 1021 1426 Μιτυληναῖος
1067 1345 1175 1427 μὲν
1221 1347 1357 1427 ἔην,
1400 1347 1790 1429 γεραρώτερος
1835 1348 2027 1410 ἄλλων

557 1430 825 1509 Ἀλκαῖος
869 1435 1181 1517 πρότερος,
1225 1433 1429 1517 ’ἧχικὸς
1473 1437 1778 1516 Αἰολίδης.

395 1547 420 1587 5
473 1523 512 1604 ἣ
561 1520 617 1586 δ’
658 1523 755 1585 ἐπὶ
798 1529 911 1610 τῷ,
958 1524 1145 1604 ξυνὴν
1189 1526 1422 1606 πάτρην
1466 1525 1682 1604 φωνήν
1726 1548 1786 1586 τε
1832 1526 2035 1588 δαεῖσα

562 1613 830 1692 Σαπφὼ,
876 1615 1138 1693 Κληῖδος
1180 1613 1280 1675 καὶ
1326 1613 1547 1695 πατρὸς
1592 1614 1935 1696 Εὗρυγύου.

474 1703 835 1783 Στησίχορος
881 1703 1151 1777 Σικελός·
1207 1704 1398 1785 πάτρη
1446 1701 1511 1764 δέ
1556 1705 1621 1765 οῖ
1652 1700 1847 1785 Ἱμέρα
1891 1703 2073 1766 ἐστίν·

561 1790 867 1870 Εὐφήμου
913 1791 1162 1873 πατρὸς,
1209 1791 1479 1872 Δωρικὸς
1521 1789 1835 1872 ἁρμονίην.

455 1877 696 1961 ἵΊβυκος
737 1875 950 1953 Ἰταλὸς
995 1879 1061 1941 ἐκ
1105 1881 1335 1963 Ρηγίου
1380 1879 1449 1960 ’ἠὲ
1496 1881 1792 1961 Μεσήνης

364 1993 417 2033 10
555 1963 791 2031 Ἠελίδα
834 1969 1082 2051 πατρὸς,
1127 1971 1370 2053 Δωρίδα
1416 1966 1472 2031 δ’
1512 1967 1823 2051 ἡρμόσατο.

471 2059 823 2139 Παρθενίου
871 2056 936 2119 δὲ
979 2058 1199 2140 πατρὸς
1244 2058 1483 2141 λιγυρὸς
1528 2060 1667 2133 πάις
1712 2058 1953 2139 ἠετιήου

559 2148 702 2209 εἴδει
747 2148 1136 2228 μελπόμενος,
1185 2149 1365 2227 Τήιος
1402 2142 1752 2229 Ἀνακρέων.

470 2237 777 2318 Πίνδᾶρος
821 2230 899 2317 ἦν
951 2240 1244 2317 Θηβαῖος,
1289 2236 1435 2319 ἀτὰρ
1481 2238 1699 2318 πατρὸς
1745 2240 2150 2319 Σκοπελίνου,

557 2326 795 2407 Δώριον
841 2326 1090 2405 αἰνήσαις
1138 2324 1434 2407 ἁρμονίην
1480 2325 1685 2387 ἐπέων.

481 2522 618 2569 1-4
648 2516 760 2570 sch.
781 2514 973 2569 Isthm.
999 2520 1046 2581 1,
1069 2520 1151 2568 35.
1225 2514 1382 2569 Eunt.
1402 2533 1457 2583 p.
1476 2521 1543 2569 29
1559 2515 1663 2568 Ab.
1748 2516 1823 2569 id.
1847 2517 1923 2569 ad
1939 2516 2001 2570 Il.
2023 2522 2175 2584 1320,
2200 2522 2285 2572 18.

335 2587 448 2640 sch.
489 2586 670 2641 Germ.
710 2586 795 2641 ed.
835 2586 944 2640 Mo.
983 2605 1038 2656 p.
1073 2593 1100 2639 1

478 2769 505 2816 1
559 2762 875 2827 πένταθλος
912 2762 1003 2819 ΡΟ
1040 2763 1221 2817 Germ.
1368 2768 1401 2815 4
1446 2764 1644 2827 κοντὸς
1684 2766 1718 2820 Ε
1753 2764 1909 2819 Eust.
1946 2765 2113 2835 prol.:
2151 2766 2357 2822 κοντὸν

332 2833 488 2887 Eust.
529 2834 603 2886 ad
629 2834 692 2887 Π.
722 2853 884 2903 κονγ·
926 2833 995 2890 0¹
1030 2834 1302 2897 κόνδυλος
1332 2833 1401 2889 (1²
1445 2855 1548 2889 κον
1596 2836 1873 2905 ....(1ac.)
1905 2837 1983 2901 ΡΙ,
2034 2853 2147 2890 aco.
2189 2839 2247 2890 et
2283 2839 2356 2892 δυ

333 2904 462 2957 add.
497 2904 562 2959 Ρ2
625 2902 878 2975 δίσκευμ’
921 2905 1077 2960 ἄκων
1112 2926 1170 2960 τε
1197 2906 1295 2959 καὶ
1332 2905 1494 2960 Tafel
1530 2907 1604 2959 ad
1631 2906 1786 2961 Eusb.
1816 2926 1869 2977 p.
1901 2913 1986 2973 60,
2017 2913 2081 2961 91
2142 2911 2360 2963 δισκεύ-

332 2972 463 3045 ματ’
515 2973 780 3032 ἀκόντιον
825 2976 928 3045 ἠδὲ
979 2976 1238 3047 δράμημα
1293 2976 1581 3031 Hermann
1627 2995 1813 3047 opusc.
1855 2985 1906 3047 3,
1936 2984 2002 3032 27
2048 2982 2068 3049 ΙΙ
2112 2980 2209 3034 καὶ
2248 2997 2355 3035 om.

335 3048 372 3101 Ρ
400 3045 579 3100 Germ.
691 3054 722 3100 9
760 3047 1052 3120 πρότερος]
1089 3048 1266 3102 latere
1303 3048 1527 3101 videtur
1560 3050 1741 3118 patris
1778 3066 1981 3104 nomen
2017 3054 2037 3121 ΙΙ
2073 3051 2269 3121 ἠχικὸς
2298 3067 2354 3107 v:

331 3118 428 3171 καὶ
464 3117 659 3187 ἠχικὸς
701 3121 721 3187 ΙΙ
765 3116 1030 3183 Αἰολίδος
1068 3119 1198 3175 Pssv
1345 3124 1408 3172 11
1449 3118 1715 3190 Κληιΐδος
1745 3122 1775 3175 h
1822 3124 1840 3191 ΙΙ
1885 3122 2185 3192 Εὐρυγύου
2224 3139 2355 3193 ego:

323 3186 1372 3281 'Heptybov(Hspnydov)etE‘65157tog
1392 3190 1542 3245 Suid.
1584 3192 1918 3261 Εὐρυγύρου
1950 3193 2130 3250 ΕΡΟν
2168 3195 2357 3263 Εὐρυ-

322 3257 501 3348 ἑγόρου
541 3260 578 3314 G
726 3266 793 3314 14
829 3258 1052 3331 Ἴβηκος
1091 3264 1126 3317 Ε
1193 3263 1416 3331 Ιβυικος
1454 3263 1490 3316 Ρ
1526 3264 1545 3331 ΙΙ
1582 3258 1653 3316 αὖ
1692 3265 1821 3332 post
1852 3260 2061 3325 Ἰταλὸς
2098 3264 2227 3318 add.
2267 3280 2298 3319 ν
2334 3266 2355 3338 Η

339 3326 546 3397 Ρηγίου
573 3344 630 3382 v:
663 3326 861 3399 Ῥήγου
893 3331 1031 3388 ΕΡΟ
1085 3340 1182 3386 τοῦ
1205 3328 1428 3402 Ῥηγίου
1456 3332 1557 3386 Vr⁰
1594 3332 1771 3401 Mosq.
1806 3334 1851 3387 B
1990 3341 2056 3389 15
2091 3332 2355 3391 Ἧελίδαν

333 3398 423 3455 ΡΟ
449 3402 468 3467 ΙΙ
494 3399 707 3467 πατρὸς
743 3415 800 3454 v:
837 3409 936 3454 τοῦ
972 3401 1184 3469 πατρός
1311 3408 1377 3455 16
1416 3400 1643 3470 ἠετίνου
1676 3406 1711 3458 Ε
1755 3402 1977 3473 Ἠετίης
2010 3425 2069 3460 τε
2106 3406 2353 3461 Barnes?

328 3470 529 3523 Anaor.
549 3469 716 3537 p.1V;
747 3471 846 3524 sed
873 3469 1016 3524 latet
1043 3471 1381 3541 significatio
1412 3472 1643 3527 dialecti
1672 3472 2014 3547 (Ησιονείῳῖ
2044 3476 2355 3531 Schroeder

330 3539 396 3593 cl.
437 3538 635 3593 Callin.
665 3539 732 3592 fr.
764 3546 794 3592 5
824 3539 969 3610 ng)
1081 3547 1145 3594 17
1185 3541 1346 3614 εἴδει]
1374 3538 1445 3611 ἦν
1474 3544 1587 3612 ἄρα
1614 3559 1647 3599 ν
1684 3542 1809 3619 ᾄδει
1838 3547 1997 3600 codd.
2028 3547 2303 3602 Boeokhii
2329 3548 2349 3620 Η

334 3608 504 3677 Τήιος
542 3609 654 3666 Pss:
691 3608 847 3673 τΐνος
885 3612 920 3665 Ε
965 3614 984 3679 Π
1035 3616 1183 3681 Τῇος
1207 3610 1537 3681 Ἀνακρείων
1575 3617 1606 3671 ΙΙ

2404 1551 2460 1590 10

2397 1998 2453 2037 15
