2646 3882
323 203 454 269 236
1215 146 1441 259 80110113.

565 455 825 523 Scholia
867 456 941 523 in
987 416 1575 544 blympionicarum
1622 473 1885 523 carmen
1930 454 2107 522 VIII.

267 637 299 681 Α
453 614 852 699 Ἀλκιμέδοντι
886 624 1172 704 παλαιστῇ
1209 619 1310 681 καὶ
1350 618 1705 700 Τιμοσθένει
1738 624 2049 703 παλαιστῇ,
2084 618 2185 681 καὶ
2212 622 2349 680 Με-

323 710 499 793 λησίᾳ
569 718 1006 795 παγκρατιαστῇ
1078 708 1309 788 Νέμεα,
1391 708 1739 791 Αἰγινήταις
1819 707 2133 786 νικήσασιν
2203 704 2354 789 <π’>

321 790 456 859 Ὀλυ
501 797 702 860 πιάδα.

120 905 152 949 Β
167 904 326 961 nevo
457 822 854 966 ξίλκιμέδοντι
906 885 1076 948 παιδὶ
1128 891 1447 972 παλαιστῇ,
1500 886 1600 948 καὶ
1657 884 2011 966 Τιμοσθένει
2062 890 2351 971 παλαιστῇ

325 974 542 1055 Νέμεα.
613 976 892 1059 Μελησίᾳ
937 974 1194 1062 ἀλείπτῇ.
2411 996 2440 1037 5

270 1082 302 1127 c
457 1058 856 1144 Ἀλκιμέδοντι
915 1064 1084 1125 παιδὶ
1137 1069 1425 1150 παλαιστῇ
1490 1064 1590 1125 καὶ
1647 1061 2001 1143 Τιμοσθένει
2062 1062 2163 1125 καὶ
2216 1067 2351 1125 Με-

330 1155 504 1237 λησίᾳ
549 1163 998 1238 παγκρατιαστῇ.

206 1261 325 1317 nto
467 1246 587 1303 Τοῦ
633 1237 692 1321 η’
737 1242 936 1315 εἴδους
981 1238 1020 1321 ἡ
1067 1240 1295 1324 στροφὴ
1340 1239 1441 1303 καὶ
1487 1240 1877 1321 ἀντίστροφος
1920 1240 2125 1302 κώλων
2170 1236 2252 1302 θ’.

325 1329 391 1392 τὸ
439 1326 494 1391 α’
537 1330 851 1411 τροχαϊκὸν
896 1329 1209 1411 ἐπίτριτον,
1257 1328 1298 1409 ἢ
1344 1328 1841 1412 ἕπιχοριαμβικόν.
1975 1328 2039 1390 τὸ
2087 1323 2143 1409 β’
2191 1328 2352 1391 ἰωνι-

325 1418 434 1480 κὸν
489 1412 593 1479 ἀπ’
633 1413 979 1497 ἐλάσσονος,
1035 1419 1228 1501 τρίτου
1283 1420 1547 1491 παίωνος
1602 1417 1734 1480 ἀντὶ
1792 1418 2051 1481 ἰωνικοῦ.
2186 1416 2250 1479 τὸ
2294 1412 2352 1499 γ’
2380 1439 2435 1479 ιο

329 1505 667 1589 ἱαμβέλεγος
708 1508 1044 1581 πλεονάζων
1079 1510 1358 1592 συλλαβῇ.
1494 1507 1557 1569 τὸ
1598 1503 1651 1567 δ’
1686 1505 2167 1588 ἑπιχοριαμβικὸν
2196 1510 2351 1567 Πιν-

329 1595 597 1676 δαρικὸν,
640 1594 681 1677 ἢ
728 1596 1086 1677 ἰαμβέλεγος.
1216 1594 1282 1658 τὸ
1320 1593 1366 1657 ε’
1410 1595 1809 1677 προσοδιακὸν
1852 1596 2125 1677 δίμετρον
2170 1594 2350 1675 ὑπερ-

324 1686 703 1763 κατάληκτον.
862 1683 927 1746 τὸ
975 1680 1031 1754 ς’
1091 1684 1491 1766 προσοδιακὸν
1562 1686 1865 1767 τρίμετρον
1928 1684 2352 1764 καταληκτικὸν

323 1783 430 1835 τοῦ
499 1774 743 1836 ἰωνικοῢ
809 1772 988 1853 μέσου
1053 1772 1240 1846 ὄντος.
1404 1773 1468 1835 τὸ
1520 1769 1570 1847 ζ’
1642 1773 1991 1835 δακτυλικὸν
2052 1779 2351 1852 πενθημι-

329 1861 510 2014 μερὲἔέ.
643 1862 705 1924 τὸ
743 1857 802 1941 η’
849 1862 1090 1925 ἰωνικὸν
1128 1863 1400 1945 δίμετρον
1435 1862 1875 1941 καταληπτικόν.
2009 1861 2074 1923 τὸ
2111 1859 2178 1923 θ’
2221 1860 2349 1923 Εὐ-
2379 1884 2431 1923 15

324 1973 430 2033 ριπ
492 1975 632 2015 ειον.

460 2039 499 2120 ἡ
548 2038 611 2103 δὲ
657 2041 887 2129 ἐπῳδὸς
930 2042 1138 2104 κώλων
1174 2037 1268 2102 ια’.
1405 2041 1469 2103 τὸ
1508 2038 1565 2101 α’
1608 2040 2006 2121 προσοδιακὸν
2046 2041 2348 2122 τρίμετρον

327 2129 746 2209 ἀκατάληπτον.
880 2131 946 2192 τὸ
993 2127 1051 2211 β’
1099 2129 1449 2192 δακτυλικὸν
1494 2131 1797 2212 τρίμετρον
1841 2128 2258 2208 ἀκατάληπτον.

325 2219 389 2281 τὸ
436 2213 491 2302 y'
537 2219 921 2302 χοριαμβικὸν
968 2221 1241 2301 δίμετρον
1283 2219 1724 2298 καταληκτικόν.
1858 2217 1924 2279 τὸ
1968 2216 2021 2279 δ’
2066 2218 2349 2300 ἑγκωμιο-

326 2309 562 2389 λογικὸν
606 2308 766 2389 παρὰ
811 2308 920 2388 τὴν
965 2309 1297 2370 τελευταίαν
1344 2308 1659 2388 συλλαβήν.
1794 2306 1859 2368 τὸ
1905 2304 1952 2368 ε’
1997 2308 2034 2368 δ
2036 2306 2349 2368 ακτυλικὸν
2375 2328 2430 2368 20

328 2399 633 2480 τρίμετρον
678 2397 924 2477 τελικὸν,
968 2396 1009 2479 ἢ
1044 2396 1459 2478 προσοδιακόν.
1593 2396 1657 2458 τὸ
1695 2393 1751 2465 ς’
1798 2395 2007 2476 ὅμοιον
2049 2401 2129 2480 τῷ
2171 2396 2346 2480 αὐτῷ.

413 2486 478 2548 τὸ
525 2484 574 2560 ζ’
637 2487 844 2566 ὅμοιον
908 2493 988 2571 τῷ
1052 2485 1227 2571 αὐτῷ.
1388 2485 1453 2546 τὸ
1508 2480 1568 2564 η’
1640 2483 1989 2546 δακτυλικὸν
2051 2492 2349 2565 πενθημι-

329 2574 515 2656 μερές.
651 2575 715 2636 τὸ
753 2571 819 2636 θ’
864 2574 1260 2654 προσοδιακὸν
1299 2574 1605 2655 τρίμετρον
1647 2572 2071 2652 ἀκατάληκτον·
2120 2571 2152 2634 ὸ
2189 2582 2349 2654 πρῶ-

327 2686 427 2736 τος
477 2663 714 2736 ἰωνικὸς
763 2657 866 2724 ἀπ’
907 2662 1271 2744 ἀδιαφόρου,
1328 2659 1359 2722 ὸ
1408 2664 1675 2743 δεύτερος
1729 2663 2063 2743 χορίαμβος.
2198 2663 2263 2724 τὸ
2310 2659 2351 2724 ι’

469 2875 500 2922 2
538 2869 595 2922 π’
627 2869 824 2922 addidi
862 2885 931 2924 ex
958 2872 997 2924 V
1024 2869 1231 2939 (inser.)
1393 2875 1426 2922 4
1464 2871 1738 2939 παλαιστῇ
1768 2868 1934 2940 (alt.)]
1970 2872 2245 2940 παλαιστῇ
2271 2873 2347 2940 τῷ

325 2942 550 3012 ἀδελφῷ
589 2942 761 2995 αὐτοῦ
791 2943 830 2997 D
945 2946 978 2994 5
1015 2941 1112 2995 καὶ
1138 2943 1275 2994 Μελ.
1308 2938 1350 2995 ss
1376 2941 1395 3009 ΙΙ
1422 2937 1677 3012 ἀλείπτῃ]
1705 2939 2024 3013 διδασκάλῳ
2052 2938 2282 3013 ἀλείπτῇ
2310 2941 2348 2995 Ρ

433 3016 466 3065 9
502 3031 707 3082 χοριαμ
745 3011 869 3067 ικόν
910 3011 1057 3067 Εῦῑν
1095 3013 1252 3082 (corr,
1291 3010 1484 3080 Pauw)
1669 3016 1735 3064 10
1773 3008 1962 3079 τρίτου
2002 3011 2118 3067 Dux
2154 3011 2347 3079 τετάρ-

324 3102 425 3137 του
457 3085 508 3138 Ε.
565 3084 650 3136 Ft.
725 3082 882 3156 ἀπὸ)
919 3078 1110 3151 τρίτου
1139 3084 1157 3152 ΙΙ
1185 3082 1311 3137 ἀντὶ
1346 3090 1445 3136 τοῦ
1484 3081 1603 3137 ἰων.
1643 3081 1684 3138 ss
1830 3088 1895 3136 12
1931 3079 2223 3151 τρίμετρον
2260 3081 2347 3139 (1⁸⁰

434 3161 500 3209 13
536 3154 960 3225 προσοδι(α)κὸν
1001 3153 1114 3209 Ess:
1153 3153 1548 3223 ἀνακλώμενον
1588 3156 1624 3209 Ι)
1666 3155 1685 3222 ΙΙ
1724 3157 2129 3222 καταληπτικοῦ
2170 3156 2205 3208 Ε

326 3231 394 3279 17
421 3224 650 3296 ὴ--ια’]
669 3225 775 3278 lac.
800 3225 840 3281 ss
858 3225 877 3296 ΙΙ
895 3225 992 3280 καὶ
1009 3224 1044 3293 ἡ
1066 3223 1252 3298 ἐπῳδὴ
1277 3227 1314 3279 D
1334 3223 1355 3296 ΙΙ
1371 3224 1714 3293 προσοδικὸν
1733 3223 1851 3278 fere
1874 3226 1909 3278 Ε
2019 3229 2085 3278 18
2115 3224 2342 3279 ἀκατάλ.

325 3295 492 3367 (alt.)]
530 3295 902 3385 βραχυκατάλ.
945 3297 979 3350 Ε
1171 3300 1238 3348 19
1274 3291 1563 3364 τρίμετρον
1605 3298 1640 3351 Ε
1829 3301 1895 3348 21
1932 3295 1996 3348 τὸ
2036 3295 2084 3355 ς’
2108 3327 2175 3336 -
2196 3297 2345 3367 αὐτῷ

325 3384 431 3421 om.
465 3368 501 3421 Ε
527 3370 548 3436 ΙΙ
577 3386 768 3436 ομοιον
807 3370 880 3438 τῷ
908 3367 1061 3440 αὐτῷ
1089 3366 1196 3422 ssv:
1227 3364 1460 3438 ἐπίσ(ης)
1494 3370 1571 3438 τῷ
1601 3365 1642 3421 ε’
1676 3368 1712 3421 D
1860 3371 1926 3418 22
1965 3365 2010 3429 ζ’
2043 3366 2158 3422 Dss:
2187 3365 2249 3421 θ’
2274 3366 2345 3440 ΕΙΙ

321 3442 399 3510 τῷ
437 3438 584 3509 αὐτῷ
623 3455 728 3491 om.
761 3440 798 3492 D
935 3443 1002 3490 23
1042 3435 1300 3506 δίμετρον
1342 3440 1379 3492 D
1517 3443 1583 3491 24
1623 3435 1847 3498 ἰωνικὸς
1883 3433 1985 3490 ἀπ’
2021 3436 2345 3507 ἀδιαφόρου

325 3509 553 3578 scripsi:
601 3508 704 3566 ἴων
750 3506 1068 3577 ἀδιάφορος
1115 3511 1205 3563 ΟΕ
1259 3506 1578 3577 ἀδιάφορος
1613 3506 1654 3563 ss
1710 3506 1909 3577 ἴαμβος
1948 3507 2268 3576 ἀδιάφορος
2305 3510 2341 3564 U

327 3579 382 3646 ἐξ
412 3579 627 3652 ἰάμβων
656 3579 973 3648 ἀδιάφορος
999 3594 1031 3633 ν
1049 3577 1356 3650 (Ττθὺκθεῖ)
1412 3579 1468 3644 ἐξ
1498 3578 1702 3650 ἰάμβου
1738 3577 2056 3647 ἀδιάφορος
2082 3577 2257 3632 Pauw
