2646 3882
212 264 217 270 .
292 204 417 270 162
1178 201 1403 257 Scholia

131 391 291 446 00εο
429 374 511 432 37
533 391 581 432 ο.
644 361 691 430 ὦ
740 370 1016 442 Φίντιςι
1061 362 1236 442 οὗτος
1278 361 1360 448 ἧν
1401 365 1642 448 ἡνίοχος
1686 375 1791 447 τῆς
1837 364 2090 445 ἀπήνης.

79 478 289 535 acuto
425 461 585 522 3711.
646 451 691 520 ὦ
732 460 1011 537 Φίντις,
1056 456 1227 519 ἀλλὰ
1263 458 1538 530 ζεῦξονε
1587 453 1619 517 ὃ
1655 466 1825 529 νοῦς·
1873 451 1998 517 ἀλλ’
2031 449 2078 516 ὦ
2110 456 2307 537 Φίντι,

288 549 490 623 ζεῦξον
533 545 652 627 ’ἤδη
696 546 801 621 τὰς
844 544 1134 628 ἡμιόνους
1181 570 1297 626 μοι.
1372 549 1631 631 τροπικῷ
1679 542 1743 606 δὲ
1780 550 1858 630 τῷ
1896 545 2047 631 λόγῳ
2083 554 2305 628 χρῆται.

290 639 484 699 δοκῶν
536 636 649 718 γὰρ
700 641 1167 718 προσκαλεῖσθαι
1217 635 1323 696 τὸν
1369 631 1644 715 ἡνίοχον,
1689 633 1798 712 τὴν
1844 632 2057 696 ἑαυτοῦ
2103 635 2307 716 ψυχὴν

290 726 619 789 σπουδάσαι
664 724 819 807 πρὸς
872 723 975 786 τὸν
1030 724 1224 805 ὕμνον
1278 722 1689 806 προτρέπεται,
1747 725 1854 784 καί
1902 740 2112 804 φησιν·
2175 722 2308 787 ἀντὶ
2362 746 2388 786 5

94 833 262 889 aneo
289 825 427 895 τοῦ,
488 821 665 896 γενοῦ
728 836 819 876 τοι
880 813 1190 896 πρόφασις.
1347 834 1396 873 e.
1455 809 1496 892 ἣ
1555 811 1697 873 ἔστω
1758 835 1860 892 μοι
1913 811 2154 893 ἀφορμὴ
2200 823 2306 876 τοῦ

286 905 481 982 ὕμνου
532 904 739 975 Φίντις
788 898 911 984 [δὲ]
960 899 992 963 ὅ
1037 898 1275 983 ἡνίοχος
1320 899 1423 962 καὶ
1467 901 1536 961 τὰ
1582 900 1813 982 δέρματα
1858 910 1975 962 τῶν
2023 899 2307 981 ἡμιόνων.

96 1010 258 1067 acto
375 995 414 1052 f.
478 984 526 1053 ὦ
585 992 857 1064 Φίντιςε
920 995 1202 1072 Δωρικῶς
1264 987 1694 1071 ἐσχημάτισται·
1770 991 1860 1069 εἴη
1921 985 1979 1053 δ’
2029 989 2106 1052 ἂν
2160 990 2308 1062 κατὰ

287 1080 396 1160 τὴν
438 1078 723 1162 ἡμετέραν
769 1079 1069 1142 διάλεκτον
1109 1081 1328 1153 Φίλτις.
1421 1080 1483 1140 οἱ
1512 1083 1764 1155 Δωριεῖς
1808 1079 1919 1162 γὰρ
1965 1079 2029 1141 τὸ
2075 1074 2113 1141 ἶ
2146 1081 2232 1154 εἰς
2267 1085 2306 1142 ν

288 1167 684 1277 μετατιθέασι,
724 1168 865 1230 ὅταν
908 1156 949 1254 ’ᾖ
995 1169 1106 1230 εἴτε
1150 1167 1215 1230 τὸ
1259 1171 1301 1228 ἱ
1345 1167 1458 1229 εἴτε
1503 1166 1566 1229 τὸ
1613 1163 1686 1230 θ.
2335 1189 2389 1229 10

234 1277 266 1320 Α
424 1261 581 1319 398..
646 1283 685 1343 ᾳ
730 1258 961 1338 τάχοςτ
1017 1255 1147 1318 ἀντὶ
1199 1267 1305 1318 τοῦ
1362 1254 1443 1331 ὡς
1494 1258 1683 1338 τάχος.
1825 1257 1881 1317 b.
1936 1267 2008 1342 τῇ
2065 1256 2186 1343 ὀδῷ
2243 1255 2307 1319 δὲ

286 1357 357 1433 τῇ
402 1351 669 1432 καθαρᾷ,
722 1357 793 1432 τῇ
848 1346 928 1426 μὴ
984 1344 1195 1432 ἐχούσῃ
1246 1345 1535 1425 ἐπίληψιν
1578 1344 1619 1426 ἢ
1665 1345 1920 1425 ψεῦδος,
1975 1345 2120 1407 ἀλλὰ
2164 1345 2307 1425 ἀλή-

286 1442 481 1497 θειαν.
617 1457 663 1496 ο.
709 1433 773 1497 τὸ
812 1432 876 1496 δὲ
913 1433 1129 1515 ὄκχον
1164 1434 1311 1496 κατὰ
1348 1435 1412 1496 τὸ
1448 1438 1720 1497 πλεῖστον
1755 1433 1851 1496 ἐπὶ
1886 1444 2004 1496 τῶν
2039 1432 2308 1514 ἡμιόνων

288 1523 570 1586 τιθέασιν.

76 1632 326 1688 Ancaeo
426 1616 507 1674 39
530 1614 583 1672 d.
660 1610 842 1693 ὄφρα
894 1613 1211 1698 κελεύθῳ
1265 1605 1316 1672 τ’
1358 1609 1433 1674 ἐν
1487 1617 1768 1697 καθαρᾷ
1823 1612 2133 1693 βάσομεν
2188 1611 2300 1675 ὄκ-
2335 1633 2386 1674 15

288 1723 437 1782 χονε
494 1701 593 1763 ἵνα
647 1698 1077 1782 έπιβιβάσωμεν
1131 1698 1196 1762 έν
1249 1706 1491 1786 καθαρᾷ
1548 1699 1666 1785 ὀδῷ
1721 1700 1784 1762 τὸ
1833 1699 2039 1782 ὄχημα.
2129 1699 2306 1780 ἀλλη-

287 1795 456 1872 γορεῖ
506 1787 569 1851 δὲ
626 1799 774 1869 νῦν,
831 1788 965 1870 περὶ
1020 1798 1127 1851 τοῦ
1190 1790 1386 1869 ὕμνου
1450 1789 1656 1870 λέγων·
1723 1791 1824 1851 ἵνα
1883 1789 1982 1851 διὰ
2033 1795 2306 1871 καθαρᾶς

289 1877 593 1961 λεωφόρου
638 1877 742 1940 τὸν
786 1879 980 1959 ὕμνον
1024 1876 1472 1961 ἐπιβιβάσαντες
1516 1884 1596 1964 τῷ
1643 1875 1890 1960 ὀχήματι
1935 1879 2304 1961 χρησώμεθα.

230 1989 262 2032 Α
378 1990 425 2030 e.
471 1968 536 2030 τὸ
583 1966 648 2029 δὲ
690 1969 1012 2049 βάσομεν
1058 1966 1189 2029 ἀντὶ
1231 1976 1338 2030 τοῦ
1382 1968 1658 2049 βήσωμεν
1695 1966 2030 2049 Ὁμηρικόν.

142 2078 261 2133 neo
425 2061 505 2118 39
528 2059 569 2117 f.
634 2054 815 2138 ὄφρα
869 2058 1209 2143 κελεύθωε
1273 2055 1590 2138 ἀλληγορεῖ
1631 2058 1739 2119 καί
1788 2075 2002 2138 φησιν·
2061 2058 2161 2120 ἵνα
2215 2059 2304 2121 δι-
2335 2078 2390 2119 20

287 2149 427 2231 καία
470 2145 570 2209 καὶ
604 2151 842 2231 καθαρᾷ
878 2144 1021 2231 ὁδῷ,
1064 2156 1135 2230 τῇ
1172 2153 1288 2215 τῶν
1325 2145 1534 2227 λόγων,
1577 2144 1953 2228 έπιβήσωμεν
1991 2147 2054 2208 τὸ
2093 2146 2308 2229 ὄχημα,

80 2255 287 2311 aeneo
315 2234 447 2297 ἀντὶ
490 2246 595 2297 τοῦ
632 2235 987 2316 ύμνήσωμεν
1025 2284 1038 2298 .
1070 2282 1083 2294 .
1115 2282 1127 2294 .
1158 2282 1170 2294 .
1208 2234 1309 2295 καὶ
1343 2234 1784 2317 προσηκόντως
1827 2230 1837 2319 Ι
1876 2236 1977 2297 καὶ
2023 2237 2123 2297 ἴνα
2157 2236 2306 2319 πρὸς

288 2324 351 2386 τὸ
396 2323 565 2406 γένος
620 2324 833 2405 ἵκωμαι
877 2333 994 2385 τῶν
1040 2322 1308 2405 ἀνδρῶν,
1364 2322 1513 2404 λέγει
1567 2322 1632 2385 δὲ
1677 2333 1797 2389 τῶν
1840 2325 2154 2407 προγόνων
2198 2336 2305 2388 τοῦ

433 2502 461 2549 1
500 2490 572 2565 ἦν
609 2513 715 2550 om.
749 2497 786 2549 D
896 2500 927 2547 2
965 2494 1004 2548 l.
1036 2495 1151 2550 BE:
1181 2512 1287 2548 om.
1320 2494 1358 2549 G
1407 2493 1580 2558 ἄλλως
1610 2497 1647 2549 Ι)
1697 2494 1893 2560 ἄλλως·
1934 2490 1977 2550 ὦ
2012 2494 2202 2560 Φίντις
2229 2495 2308 2569 (1ss

294 2564 452 2622 Φίντι
488 2569 657 2623 ΒῠΕε
699 2563 888 2630 Φίντις
926 2564 1059 2622 0ον
1230 2571 1261 2619 3
1298 2565 1513 2636 ζεῦξον]
1551 2565 1690 2620 ἀλλὰ
1727 2567 1918 2632 ζεῦξον
1958 2568 1993 2622 Ε
2038 2570 2057 2636 ΙΙ
2100 2566 2202 2631 τὰς
2239 2569 2304 2622 B:

289 2639 419 2701 τοὺς
443 2640 462 2708 ΙΙ
487 2641 566 2711 τῷ
593 2654 699 2691 om.
740 2637 820 2693 ssv
965 2642 1012 2690 5.
1036 2640 1067 2689 6
1105 2636 1233 2691 ἀντὶ
1267 2636 1391 2707 τοῦ]
1430 2634 1515 2691 ὅτι
1553 2637 1590 2694 G
1737 2642 1766 2690 7
1805 2637 1870 2692 δὲ
1908 2638 2015 2693 del.
2057 2640 2088 2692 b
2131 2640 2160 2727 u
2195 2646 2306 2691 τῶν

289 2707 538 2778 ἡμιόνων
591 2724 720 2777 ego:
776 2715 887 2762 τῶν
930 2704 1174 2776 ἡνιόχων
1222 2710 1313 2763 BD
1334 2711 1411 2763 Εν
1472 2716 1574 2763 τοῦ
1627 2706 1858 2779 ἡνιόχου
1916 2708 2000 2765 nb
2054 2710 2074 2777 ΙΙ
2125 2727 2306 2777 υμνου

290 2782 375 2849 (Φ.
414 2780 477 2833 δὲ
524 2778 553 2832 ὁ
598 2774 845 2848 ἡνίοχος)
892 2778 989 2833 καὶ
1022 2777 1093 2832 τὰ
1137 2788 1249 2833 τῶν
1293 2776 1537 2848 ἡνιόχων
1585 2777 1805 2849 ἅρματα
1840 2778 2151 2833 Mommsen
2187 2777 2302 2832 sch.
2347 2818 2358 2825 .

290 2858 467 2913 Germ.
507 2876 566 2928 p.
594 2864 688 2925 26,
716 2864 750 2911 4
934 2864 983 2912 9.
1007 2863 1073 2912 10
1175 2862 1360 2913 τατιθ.
1397 2858 1461 2913 τὸ
1491 2852 1527 2912 ἶ
1565 2858 1644 2923 εἰς
1679 2864 1714 2914 B
1754 2862 1864 2915 Bv.
1971 2864 2002 2912 9
2056 2859 2135 2923 εἰς
2167 2859 2232 2912 τὸ
2267 2864 2307 2911 ἶ

293 2931 328 2985 Ε
437 2934 503 2982 10
543 2926 677 2984 ὅταν
706 2927 1065 3011 ζ-ἑπόμενον)
1096 2984 1107 3002 ,
1166 2929 1234 2999 cj.
1265 2928 1418 2983 Beck
1451 2931 1471 2998 ΙΙ
1509 2928 1615 2985 εἴτε
1652 2930 1899 3002 (utrob.)]
1938 2929 2041 2985 εἴτι
2079 2932 2115 2985 Ε
2141 2932 2160 2999 ΙΙ
2198 2927 2306 2983 εἴτε

287 3009 351 3063 τὸ
387 3002 458 3080 597]
496 3009 576 3073 εἰς
608 3009 673 3064 τὸ
709 3014 755 3063 θ
793 3012 832 3065 Β
1019 3014 1082 3063 11
1123 3000 1161 3085 ᾇ
1200 3010 1257 3063 b:
1294 3008 1357 3063 αἳ
1528 3015 1593 3063 15
1630 3009 1668 3065 1.
1709 3012 1823 3066 BE:
1861 3010 2110 3082 κελεύθῳ
2145 3005 2199 3062 τ’
2242 3009 2304 3064 ἐν

289 3085 524 3155 καθαρᾷ
554 3083 595 3136 Α
642 3079 791 3149 ὄφρα
818 3080 1068 3154 κελεύθῳ
1098 3081 1186 3138 01)
1226 3078 1380 3149 ὄφρα
1406 3084 1514 3135 κελ.
1544 3078 1597 3134 τ’
1622 3081 1682 3137 ἐν
1710 3085 1845 3135 καθ.
1876 3080 1917 3137 ss
1942 3083 1962 3150 ΙΙ
1989 3080 2229 3152 βήσομεν
2261 3083 2302 3136 Β

400 3158 463 3205 16
503 3150 597 3206 ἴνα
635 3151 1041 3223 ἐπιβιβάσωμεν
1080 3150 1245 3207 ΒΕΟε
1290 3150 1385 3206 ἴνα
1422 3151 1766 3223 ἐπιβήσωμεν
1807 3153 1842 3207 C
1898 3150 1993 3207 ἴνα
2032 3150 2304 3222 ἐπιβάσω-

290 3242 389 3290 μεν
429 3225 466 3277 Ι)
522 3222 875 3293 ἀναβήσομεν
913 3224 956 3279 Α
981 3225 1019 3349 21
1065 3220 1244 3295 ὄχημα
1280 3225 1346 3277 V:
1386 3232 1565 3295 σχῆμα
1599 3226 1643 3279 Α
1797 3228 1880 3278 16.
1904 3228 1969 3277 17
2008 3224 2307 3293 ἀλληγορεῖ

289 3294 353 3348 V:
393 3294 764 3363 ἀλληγορικῶς
799 3295 842 3350 Α
886 3296 905 3364 ΙΙ
948 3298 977 3348 λ
1007 3314 1122 3365 γων
1157 3295 1222 3349 V:
1258 3292 1403 3365 λέγει
1438 3297 1482 3350 Α
1525 3296 1544 3365 ΙΙ
1589 3292 1684 3349 ἵνα
1721 3293 1820 3350 διὰ
1856 3296 1920 3350 V:
1961 3294 2100 3349 ὁδοῦ
2139 3301 2180 3349 Α

293 3368 359 3416 18
405 3363 693 3435 λεωφόρου
730 3365 949 3421 BDEss:
996 3368 1040 3418 λ.
1089 3360 1298 3434 ῥαδίως
1334 3367 1377 3422 Α
1432 3368 1476 3421 λ.
1513 3374 1626 3421 τῶν
1670 3364 1850 3435 λόγων
1888 3366 1925 3423 G
1979 3370 1999 3458 [Ι
2049 3366 2307 3438 ἐπιβιβά-

292 3451 485 3499 σαντες
511 3436 631 3491 ΑΒ,
671 3435 1029 3505 §namanes
1057 3420 1197 3493 οόε
1232 3438 1359 3506 (ras.
1388 3439 1519 3505 post
1545 3458 1581 3507 η
1608 3436 1668 3490 in
1699 3438 1755 3507 ε)
1794 3436 2193 3509 &mammes
2222 3437 2263 3494 α
2289 3440 2308 3508 ιι

289 3504 632 3633 ἒρᾶγεόμεθὲἓ
649 3506 917 3641 Αδῗκαίίέςθ
937 3505 1281 3647 ἱξήῗῦωέιεέυὲ
1282 3596 1321 3647 P
1323 3506 1586 3633 1βηὶἴομεν
1707 3512 1776 3561 20
1815 3508 1991 3575 ἄλλως
2021 3511 2060 3567 l.
2095 3526 2309 3581 praem.
