2646 3882
995 222 1214 295 olymp.
1243 224 1349 281 VII
1386 230 1614 292 3-17,
2154 224 2282 289 201

403 394 518 451 88.
582 392 986 471 συμποσίου
1030 414 1097 453 τε
1143 392 1379 473 χάρινι
1425 389 1557 452 ἀντὶ
1591 400 1699 452 τοῦ
1738 400 1857 451 τῶν
1891 390 1958 452 ἐν
1994 397 2074 476 τῷ
2111 408 2259 471 συμ-
2290 410 2500 469 neoto

263 480 474 566 ποσίφ.
606 481 663 541 b.
711 479 869 553 ὅπως
913 479 1014 541 καὶ
1060 480 1203 567 δόξῃ
1249 480 1579 561 χαριστικός
1633 503 1719 553 τις
1767 474 1917 541 εἶναι
1961 480 2121 561 παρὰ
2165 487 2288 554 τοῖς
2318 499 2479 556 Βζοεο

263 571 562 631 πίνουσιν.
1161 606 1166 609 -

402 660 439 717 8
462 678 508 718 ο.
573 656 788 730 κᾶδός
846 674 938 719 τε·
997 657 1106 737 τὴν
1166 652 1296 719 κατ’
1347 657 1664 739 ἐπνγαμίαν
1724 656 2049 735 οἰκειότητα
2105 668 2289 737 τιμῶν
2314 678 2347 723 A

210 768 236 811 5
264 752 346 831 τῷ
393 745 563 831 δώρῳ
609 754 713 825 τῆς
758 756 976 827 χρυσῆς
1022 748 1257 826 φιάλης.
1349 745 1529 808 ἔνθεν
1573 746 1674 808 καὶ
1720 746 2023 825 κηδεστής.
2089 768 2141 809 2¹1

402 836 517 898 8d.
581 834 798 907 κᾶδός
842 857 912 896 τε
957 836 1254 915 τιμάσας
1309 834 1453 898 ἓόνε
1505 833 1569 896 τὸ
1615 835 1815 913 κῆδος.
1896 834 2007 914 τὴν
2053 833 2260 915 συγγέ-
2288 854 2498 911 Bouto

265 936 460 986 νειαν·
508 921 659 985 ἔοικε
704 922 816 1005 γὰρ
863 922 894 985 ὁ
942 925 1320 1006 δωρούμενος
1362 924 1555 1006 πατὴρ
1592 919 1745 985 εἶναι
1780 934 1886 1003 τῆς
1922 924 2293 1005 γαμηθείσης

266 1018 347 1098 τῷ
394 1013 606 1096 νεανίᾳ
651 1013 913 1092 νύμφης.
977 1031 1049 1076 οε
1828 1034 1833 1039 ’

405 1106 488 1162 10
509 1121 562 1161 a.
609 1101 942 1174 ζαλωτόνε
980 1101 1237 1181 ζηλωτὸν
1273 1100 1503 1163 ἐκεῖνον
1540 1100 1744 1174 αὐτοῖς
1779 1100 2056 1181 ἐποίησεν
2092 1098 2291 1163 ἕνεκεν
2313 1122 2348 1165 A

189 1212 242 1252 10
269 1198 376 1269 τῆς
422 1186 843 1271 ὁμοφροσύνης
879 1190 1061 1253 αὐτοῦ
1099 1190 1249 1271 πρὸς
1294 1189 1405 1269 τὴν
1452 1191 1762 1252 σύνευνον.
1854 1190 1955 1251 διὰ
1998 1189 2109 1272 γὰρ
2152 1189 2295 1252 αὐτὸ

268 1288 443 1340 τοῦτο
492 1278 766 1358 δηλονότι
808 1277 968 1355 παρὰ
1011 1289 1115 1341 τοῦ
1152 1279 1374 1360 πατρὸς
1409 1280 1592 1359 αὐτῆς
1629 1277 1877 1359 ἐτιμᾶτο.
2011 1280 2067 1339 b.
2115 1296 2296 1355 προσ-

268 1364 522 1446 ληπτέον
581 1364 642 1427 δὲ
697 1368 780 1440 εἰς
834 1367 936 1430 τὸν
983 1368 1178 1449 πλήρη
1234 1368 1410 1449 λόγον
1456 1367 1565 1447 τὴν
1611 1366 1804 1447 ἕνεκα,
1850 1363 1931 1429 ἵν’
1974 1356 2049 1455 ᾖ·
2105 1368 2297 1446 φίλων

270 1453 335 1516 δὲ
380 1455 691 1537 παρόντων
734 1455 1012 1535 ἐποίησεν
1057 1457 1239 1543 αὐτὸν
1286 1455 1545 1536 ζηλωτὸν
1591 1455 1760 1518 ἕνεκα
1804 1465 1910 1535 τῆς
1954 1454 2295 1538 ὁμόφρονος

269 1543 465 1623 εὐνῆς.
533 1566 584 1607 16

186 1654 241 1697 15
408 1637 487 1694 12
511 1654 563 1694 a.
629 1632 747 1697 καὶ
801 1633 932 1716 ἐγὼ
977 1633 1229 1716 νέκταρ
1276 1634 1517 1716 χυτόνε
1573 1635 1896 1717 αύτόχυτον
1940 1634 2039 1697 καὶ
2085 1632 2265 1717 άκρα-
2294 1653 2501 1709 uento

268 1745 390 1783 τον.
451 1733 727 1796 stanneo
859 1725 917 1784 b.
960 1722 1168 1805 νέκταρ
1214 1723 1278 1785 τὸ
1326 1725 1551 1804 ποίημα
1598 1718 1745 1786 εἶπε·
1795 1728 2045 1787 Μοισᾶν
2092 1722 2154 1785 δὲ
2192 1724 2291 1785 δό-
2320 1742 2485 1787 ncne

270 1828 396 1889 σιν,
459 1809 569 1889 τὴν
633 1811 928 1891 μουσικὴν
991 1812 1091 1874 καὶ
1162 1814 1301 1886 τοὺς
1361 1814 1609 1893 ὕμνους.
1773 1834 1821 1875 o.
1888 1814 2297 1892 ἱλάσκομαι,

269 1899 511 1980 ἱλαροὺς
556 1908 725 1962 ποιῶ.
860 1901 916 1962 d.
960 1902 1231 1983 καρπὸν
1277 1902 1570 1983 φρενόςι
1614 1902 1722 1982 τὴν
1767 1904 2007 1982 ποίησιν
2043 1901 2143 1964 καὶ
2178 1900 2287 1981 τὴν
2316 1920 2481 1978 Boeo

272 1988 546 2051 ἐπίνοιαν
590 1997 709 2050 τῶν
754 1992 1098 2069 ποιημάτων
1142 1990 1374 2072 καρπὸν
1421 1986 1546 2053 εἶπε
1592 1992 1828 2072 φρενός.

185 2099 242 2140 2⁰
411 2079 491 2136 12
515 2098 564 2137 e.
628 2075 877 2159 νέκταρ
923 2079 1164 2160 χυτόνε
1206 2079 1308 2141 καὶ
1344 2078 1457 2160 ἐγὼ
1493 2079 1603 2158 τὴν
1649 2089 1765 2141 τῶν
1797 2083 2071 2142 Μουσῶν
2108 2077 2297 2158 δόσιν,
2322 2097 2355 2142 A

270 2165 402 2244 ἥτις
448 2163 579 2226 ἐστὶ·
615 2163 820 2246 νέκταρ
866 2167 1039 2247 χυτὸν
1083 2169 1186 2230 καὶ
1228 2167 1373 2230 αὐτὸ
1420 2167 1703 2250 ἄκρατον·
1751 2167 1825 2230 οὐ
1860 2167 1972 2250 γὰρ
2010 2166 2297 2232 ἐπιδέεται

273 2263 450 2314 τοῦτο
498 2255 890 2334 συγκράσεως,
934 2256 1125 2338 ὥσπερ
1173 2252 1336 2330 οἶνος
1382 2257 1557 2339 χωρὶς
1603 2257 1849 2330 ὕδατος·
1882 2304 1894 2316 .
1927 2305 1940 2318 .
1972 2304 1983 2315 .
2014 2306 2027 2318 .
2075 2279 2102 2319 8

413 2344 512 2402 15.
579 2341 981 2418 ἰλάσκομαιι
1041 2347 1279 2428 ἱλαροὺς
1335 2356 1487 2408 ποιῶ
1547 2345 1685 2418 τοὺς
1743 2345 1846 2406 τὸν
1904 2346 2100 2425 ὕμνον
2152 2349 2355 2423 λαμ-Α

270 2430 568 2511 βάνοντας
632 2431 1030 2514 νικῆφόρους,
1089 2433 1169 2508 ὡς
1217 2433 1248 2496 ὁ
1295 2436 1606 2517 προπίνων
1665 2432 1957 2514 πενθερὸς
2015 2439 2095 2518 τῷ
2149 2457 2298 2515 γαμ-

187 2543 242 2584 25
271 2523 399 2604 βρῷ
446 2517 558 2597 τὴν
606 2519 830 2597 φιάλην
872 2521 972 2582 καὶ
1017 2523 1394 2605 δωρούμενος
1439 2522 1711 2605 λαμπρὸν
1745 2522 2159 2594 κατασκευάζει
2192 2522 2296 2583 τὸν

266 2608 650 2689 λαμβάνοντα
695 2607 794 2668 καὶ
838 2613 1143 2691 γεγηθότα.
1212 2635 1262 2675 19

409 2701 562 2759 173..
632 2694 663 2757 ὁ
712 2691 768 2757 δ’
812 2695 1077 2779 ὄλβιοςε
1125 2694 1298 2774 οὗτος
1348 2700 1413 2763 δέ
1458 2699 1613 2762 ἐστιν
1650 2701 1970 2780 εὐδαίμων,
2015 2697 2086 2761 ὃν
2123 2697 2263 2780 ἀγα·
2296 2716 2500 2774 Bouto

410 2912 445 2960 4
489 2905 606 2959 ΕΜ
637 2908 760 2973 509,
788 2910 854 2959 51

413 3109 441 3156 1
490 3121 549 3156 τε
595 3100 763 3172 χάριν
803 3103 868 3155 Βε
915 3117 1021 3155 om.
1059 3104 1078 3171 ΙΙ
1111 3111 1222 3156 τῶν
1270 3120 1376 3157 om.
1418 3105 1508 3158 BD
1546 3106 1667 3174 ΙΙτῷ
1714 3118 1820 3156 om.
1862 3101 2096 3158 Benzv
2142 3099 2291 3170 (hab.

270 3174 487 3243 Gonu>
639 3177 739 3226 1.2
777 3169 954 3244 ποσίφ
992 3174 1028 3228 Ε
1172 3179 1204 3226 2
1242 3175 1341 3228 καὶ
1377 3173 1515 3245 δόξῃ
1554 3172 1722 3229 ὓΕΒε
1760 3170 1899 3244 δόξῃ
1934 3171 2032 3226 καὶ
2070 3172 2152 3225 Βν

268 3251 299 3297 6
337 3244 374 3297 l.
408 3247 474 3298 Βε
512 3245 691 3304 κᾶδος
727 3241 788 3298 δὲ
819 3245 856 3298 D
913 3245 1088 3305 κᾶδος
1125 3244 1213 3300 ΕΒ
1250 3262 1357 3299 om.
1389 3245 1445 3311 0,
1484 3244 1612 3298 add.
1652 3244 1750 3297 καὶ
1783 3242 1981 3314 τιμκήσῃ
2022 3243 2041 3312 ΙΙ
2084 3240 2187 3310 τὴν
2226 3242 2291 3294 B:

265 3315 366 3369 καὶ
399 3314 503 3384 τὴν
648 3317 681 3366 8
719 3313 964 3386 νύμφης]
999 3322 1098 3384 τῆς
1134 3337 1182 3370 ν.
1224 3316 1313 3373 ΕΩ
1461 3321 1526 3369 10
1566 3315 1783 3384 αύτ(οῢ)
1823 3316 1841 3384 ΙΙ
1884 3313 1989 3382 τὴν
2026 3329 2157 3380 ego:
2192 3310 2292 3365 τὸν

377 3391 442 3440 11
481 3387 654 3455 δῆλον
693 3382 779 3439 ’ὄτι
888 3391 954 3439 13
993 3384 1156 3441 ἕνεκα
1193 3402 1322 3457 ego:
1364 3382 1512 3441 εἶναι
1632 3391 1699 3439 14
1736 3385 1904 3446 εὐνᾶς
2022 3388 2089 3437 15
2128 3379 2291 3435 αὐτό-

267 3476 452 3527 φυτον
487 3455 674 3510 Fahse
711 3455 834 3524 syll.
872 3474 928 3525 p.
958 3463 1060 3512 403
1191 3465 1258 3513 16
1295 3456 1498 3526 νέκταρ
1520 3489 1589 3497 -
1610 3451 1731 3511 εἶπε
1760 3472 1867 3510 om.
1900 3457 1937 3510 D
2072 3457 2134 3505 17
2174 3451 2290 3503 ἱλα-

266 3527 500 3598 σκομαι]
539 3525 605 3580 ὶλ.
645 3525 752 3597 (δὲ)
789 3529 915 3581 ἀντὶ
948 3537 1048 3584 τοῦ
1087 3528 1175 3585 OD
1329 3533 1392 3582 19
1435 3548 1501 3584 νο
1542 3526 1729 3596 μάτων
1770 3528 1805 3581 Ε
1850 3528 1869 3594 ΙΙ
1915 3521 2135 3590 καρπὸν
2171 3514 2290 3572 εἷπε

265 3596 477 3672 φρενός
515 3597 684 3654 DED:
725 3592 878 3652 εἶπεν
916 3601 1005 3655 ΒΟ
1044 3617 1150 3654 om.
1188 3616 1220 3655 v
1366 3603 1433 3653 27
1474 3549 1540 3654 δέ
1576 3614 1681 3652 om.
1722 3596 1809 3653 OD
