2646 3882
367 240 496 303 258
1264 240 1489 293 Scholia

368 429 494 467 νειν
540 400 668 467 οἷόν
713 428 794 485 τε,
839 404 1090 468 θέλοντα
1137 404 1252 467 ἀπὸ
1299 415 1418 467 τῶν
1456 407 1630 488 ἱερῶν
1667 405 1915 487 ἀγώνων
1954 405 2134 480 δόξαν
2173 409 2397 487 λαβεῖν.

455 496 510 556 b.
557 492 597 574 ἢ
643 493 674 553 6
723 496 1048 574 Μελησίας.

168 603 410 660 ammio
503 586 584 644 81
609 605 662 644 a.
726 590 927 645 κεῖνα
983 582 1054 645 δὲ
1108 590 1347 657 κεῖνος
1402 582 1487 645 ἀν
1534 584 1749 645 εἴποιε
1804 584 1959 645 εἴποι
2006 580 2061 645 δ’
2103 582 2180 646 ἂν
2228 583 2395 665 ἀκρι-

364 676 486 753 βῶς
531 671 728 733 ἐκεῖνα
772 672 843 734 τὰ
889 672 1028 755 ἔργα
1073 672 1174 733 καὶ
1213 671 1635 754 ἐμπειρότερον
1680 672 1904 746 ἐκεῖνος
1952 670 1983 735 6
2031 673 2396 753 μεμαθηκὼς

362 762 463 823 καὶ
507 773 580 847 τῇ
625 763 799 846 πείρᾳ
853 761 962 840 τὴν
1018 762 1404 823 διδασκαλίαν
1449 761 1812 843 ἀκριβώσας,
1857 762 1928 823 τὰ
1972 772 2091 823 τῶν
2138 761 2386 844 ἀγωνισ-
2454 786 2482 826 5

364 852 564 931 μάτων
611 850 770 932 ἔργα,
814 851 916 912 καὶ
959 857 1132 924 ποῖος
1170 850 1385 931 τρόπος
1430 852 1514 923 εἰς
1552 851 1827 925 εὐδοξίαν
1863 848 2056 932 ἄνδρα
2103 848 2395 932 ὅδηγῆσαι

367 941 612 1001 δύναται
661 938 725 1000 έκ
769 948 887 1001 τῶν
935 940 1108 1021 ἱερῶν
1155 939 1405 1021 ἀγώνων
1454 940 1751 1018 ποθεινὴν
1798 940 2165 1021 βουλόμενον
2212 942 2395 1015 δόξαν

365 1026 790 1110 ἀποφέρεσθαι.

305 1140 335 1183 Α
501 1121 600 1179 83.
667 1119 777 1191 τίς
821 1116 1079 1199 τρόπος
1120 1116 1375 1197 ἄνδρας
1420 1118 1509 1190 τίς
1544 1117 1761 1198 τρόπος
1797 1117 2025 1180 ἐκεῖνον
2062 1118 2165 1181 τὸν
2202 1116 2395 1201 ἄνδρα

360 1208 603 1288 προάξει
646 1204 836 1287 <τὸν>
879 1205 945 1267 ἐκ
990 1216 1108 1267 τῶν
1164 1208 1338 1287 ἱερῶν
1385 1203 1749 1287 ἀθλημάτων
1805 1206 2085 1288 μέλλοντα
2128 1207 2237 1286 τὴν
2282 1232 2393 1270 πο-
2424 1232 2479 1271 10

363 1297 720 1374 θεινοτάτην
765 1294 1056 1376 φέρεσθαι
1103 1295 1298 1369 δόξαν.

305 1406 335 1449 Α
501 1388 658 1447 868..
724 1395 859 1445 νῦν
907 1382 1032 1464 μὲν
1076 1382 1205 1465 γὰρ
1253 1383 1439 1470 αὐτῷ
1485 1383 1719 1466 γε’ραςε
1766 1387 1949 1446 λείπει
1992 1384 2032 1466 ἦ
2068 1383 2315 1467 ἤνεγκεν
2352 1385 2392 1465 ’ἢ

361 1475 788 1553 περιεποίησεν.
881 1473 954 1535 οὐ
1019 1472 1253 1535 δεκτέον
1310 1471 1375 1534 δε
1441 1473 1529 1535 ὅτι
1581 1475 1986 1556 τριακοντάκις
2034 1470 2390 1555 Ἀλκιμέδων

359 1560 662 1674 ἐνίκησεν,
718 1556 842 1622 ἀλλ’
887 1561 974 1624 ὅτι
1029 1563 1341 1641 Μελησίας
1394 1564 1701 1644 γυμνασας
1758 1565 2071 1644 τριάκοντα
2124 1562 2391 1643 ἀθλητας

366 1652 538 1723 νίκας
585 1650 782 1711 αὐτῶν
829 1649 1076 1724 ἐδέξατο.
1142 1643 1220 1730 ἧν
1269 1649 1333 1712 δὲ
1377 1651 1716 1733 τριακοστὸς
1758 1646 2129 1731 Ἀλκιμέδων.
2205 1654 2389 1715 δύνα-
2420 1676 2473 1715 15

364 1763 460 1800 ται
508 1737 571 1805 δὲ
616 1740 681 1801 τὸ
728 1738 875 1800 ἑλών
923 1739 1132 1821 μετοχὴ
1180 1738 1311 1801 ἀντὶ
1356 1740 1614 1822 ῥήματος
1657 1751 1766 1803 τοῦ
1811 1740 1979 1803 ἕλεῖν.

149 1851 402 1907 BanQ
499 1830 657 1889 86b.
724 1838 859 1889 νῦν
916 1852 1041 1937 μεν
1095 1828 1280 1914 αυτῷ
1337 1827 1569 1911 γέραςε
1628 1836 1707 1915 τῷ
1755 1832 2053 1915 Μελησία.
2199 1851 2245 1892 ο.
2291 1830 2389 1892 έπὶ

359 1919 566 1980 τοίνυν
621 1926 727 1980 τοῦ
783 1917 1076 1999 παρόντος
1132 1918 1275 1993 δόξα
1332 1918 1490 2004 αὐτῷ
1545 1918 1702 1981 ἔστιν
1759 1917 1790 1981 6
1832 1914 2187 1999 Ἀλκιμέδων
2232 1943 2387 2001 τρια-

359 2007 567 2081 κοστὸς
623 2007 870 2087 νικητὴς
916 2005 1302 2088 ἀναδειχθείς.
1397 2007 1616 2089 λέγεται
1668 2008 1779 2091 γὰρ
1837 2010 1949 2071 σὺν
2000 2011 2187 2072 τούτω
2233 2008 2385 2070 ἀλεῖ-

359 2112 476 2176 ψαι
521 2097 834 2178 τριάκοντα
880 2099 1169 2176 μαθητάς.
1307 2099 1363 2158 d.
1408 2095 1619 2171 αλλως·
1678 2107 1793 2159 νῦν
1839 2104 1919 2183 τῷ
1965 2097 2205 2185 ἀλείπτη
2251 2101 2385 2160 Με-
2416 2121 2473 2161 20

359 2188 534 2271 λησία
577 2184 749 2268 γέρας
799 2183 830 2246 6
871 2179 1228 2265 Ἀλκιμέδων
1273 2188 1671 2266 περιεποίησε·
1718 2187 1782 2248 τὸ
1827 2187 1939 2268 γὰρ
1976 2189 2385 2269 περιεποίησεν

358 2275 584 2350 ε’ξωθεν
637 2273 1058 2357 προσληπτέον.
1206 2297 1254 2336 e.
1311 2276 1387 2338 ου
1447 2275 1680 2337 δεκτέον
1742 2272 1862 2357 [δὲ]
1922 2277 2157 2350 πάντως
2219 2277 2308 2338 ’ὅτι
2354 2275 2386 2338 6

354 2357 710 2444 Ἀλκιμέδων
755 2364 1070 2446 τριάκοντα
1115 2365 1288 2437 νίκας
1329 2363 1514 2446 ε’·σχεν
1563 2358 1689 2426 ἀλλ’
1733 2364 1764 2426 6
1802 2366 2114 2444 Μελησίας
2159 2367 2386 2447 γυμνά-

357 2472 464 2526 σας
510 2452 777 2532 ἀθλητας
821 2454 991 2526 νίκας
1039 2453 1236 2515 αὐτῶν
1280 2453 1512 2528 ἐδέξατο
1557 2455 1886 2536 τριάκοντα.

299 2564 329 2607 Α
495 2546 576 2604 88
599 2564 651 2604 a.
719 2539 795 2614 ὃς
841 2543 1013 2626 τύχα
1059 2565 1184 2621 μεν
1231 2543 1603 2622 δαίμονοςε
1651 2543 1809 2616 ὅστις
1841 2539 2195 2623 Ἀλκιμέδων
2240 2545 2384 2629 τύχῃ
2415 2566 2470 2607 25

357 2629 465 2711 μὲν
511 2631 713 2716 ἀγαθῇ
763 2631 1046 2710 δαίμονος
1091 2631 1458 2711 χρησάμενος
1504 2630 1779 2713 ἀνδρείας
1825 2633 1898 2694 οὐ
1937 2631 2274 2714 διαμαρτὼν
2318 2632 2385 2694 έν

356 2718 584 2796 τέτρασι
628 2721 862 2781 παίδων
909 2718 1252 2798 ἀπεθήκατο
1299 2722 1493 2800 γυίοις
1538 2721 1750 2783 νόστον
1788 2720 2080 2802 ἔχθιστον,
2124 2721 2387 2784 τουτέστι

358 2807 411 2870 δ’
448 2809 685 2887 ἐποίησε
730 2809 948 2882 παῖδας
994 2809 1102 2888 οὐχ
1145 2805 1336 2888 ἡδέως
1383 2811 1584 2871 οἴκαδε
1630 2808 2035 2890 ἀπονοστῆσαι
2068 2821 2175 2892 τῆς
2210 2813 2384 2890 νίκης

357 2899 661 2980 στερήσας·
711 2896 791 2970 ὡς
838 2895 891 2958 δ’
918 2899 1136 2970 παῖδας
1183 2897 1368 2960 αὐτοῦ
1412 2900 1933 2980 καταβεβληκότος.

497 3079 528 3125 2
565 3071 630 3126 ft.
670 3071 768 3125 καὶ
805 3069 835 3124 ὃ
873 3075 954 3124 Μ.
1085 3076 1118 3124 3
1155 3069 1367 3139 εἴποιμι
1405 3067 1463 3124 δ’
1497 3068 1569 3125 ἂν
1610 3073 1645 3126 Ε
1770 3079 1805 3126 4
1844 3069 2234 3141 ἐμπειρότερον
2266 3070 2381 3126 Eu:

355 3143 743 3234 ἐμπειρότερος
777 3143 859 3197 BV
914 3161 1082 3196 -τατα
1113 3144 1150 3197 Ι)
1299 3147 1331 3195 5
1368 3141 1469 3211 τὴν
1508 3093 2125 3199 ὃιδασκαλίανμθῠὶὓε
2163 3148 2262 3210 τῆς
2298 3144 2382 3196 δι-

353 3212 660 3276 δασκαλίας
698 3215 780 3268 BV
937 3219 965 3266 ’1
1006 3212 1343 3284 βουλόμενος
1379 3229 1411 3268 ν
1458 3215 1615 3284 (corr.
1652 3213 1825 3282 Beck)
1981 3219 2047 3266 10
2084 3211 2379 3280 προαύξειε

353 3286 567 3339 correxi
605 3287 663 3338 et
699 3285 956 3352 supplevi
1001 3287 1020 3354 ΙΙ
1064 3283 1380 3356 μέλλοντοςε
1420 3302 1525 3356 ego
1682 3291 1746 3340 16
1786 3284 1951 3356 ἑλεῖν]
1989 3283 2054 3338 ft.
2096 3279 2238 3338 εἶλεν

355 3361 527 3410 18.19
565 3359 911 3450 τριακοστὸς]
959 3368 1177 3426 πρῶτος
1225 3360 1262 3413 Ι)
1448 3363 1514 3410 19
1562 3353 1810 3428 δειχθείς
1855 3356 1944 3412 cf.
1989 3358 2009 3426 ΙΙ
2055 3355 2157 3410 σὺν
2203 3355 2382 3428 τούτῳ

354 3427 522 3483 Bon:
572 3430 673 3483 σὺν
717 3429 938 3491 τοντοις
975 3431 1016 3487 0.
1071 3431 1246 3484 αὐτοῦ
1287 3430 1323 3483 Ε
1470 3434 1539 3482 20
1578 3428 1706 3498 νῦν]
1744 3435 1850 3480 νῦν
1887 3425 1989 3495 μὲν
2029 3429 2064 3482 Ε
2210 3433 2276 3480 21
2316 3409 2378 3480 τὸ

351 3497 456 3568 γὰρ
494 3517 711 3567 περιεπ.
753 3517 858 3554 om
901 3500 994 3558 Dss
1147 3507 1213 3554 22
1253 3501 1315 3555 δὲ
1354 3517 1461 3554 om.
1503 3499 1710 3564 CD?E;
1750 3497 1955 3552 seclusi
2118 3504 2186 3554 24
2223 3496 2379 3566 τριά-

351 3590 524 3624 κοντα
568 3574 700 3639 post
745 3571 997 3640 ἀθλητὰς
1041 3574 1150 3640 trp.
1192 3571 1299 3640 ssv3
1351 3571 1650 3638 utrobique
1688 3568 1915 3638 scripsit
1954 3573 1984 3625 b
2132 3575 2200 3624 28
2239 3570 2379 3624 ἀπο-

350 3641 664 3710 νοστήσεινε
703 3643 742 3697 V
