2646 3882
350 240 481 305 350
1242 240 1469 295 Scholia

350 408 441 469 διὸ
486 408 633 490 πρὸς
678 408 788 487 τὴν
833 408 1109 488 Εἰρήνην
1162 407 1528 470 ἀποτείνεται
1581 406 1648 468 ἐν
1693 412 1772 493 τῷ
1816 407 2106 491 προοιμίῳ
2152 404 2234 477 ὡς
2283 407 2382 467 αἱ·

346 498 479 558 τίαν
532 495 859 578 γενομένην
921 504 1001 581 τῷ
1056 496 1366 583 νικηφόρῳ
1429 506 1533 576 τῆς
1589 497 1776 575 νίκης.
1919 516 1968 557 e.
2016 492 2248 575 Ἱμέραν
2307 494 2378 557 δὲ

352 596 463 647 νῦν
506 586 619 665 τὴν
662 587 837 649 πόλιν
881 586 1069 665 αὐτὴν
1115 585 1286 668 λέγει’
1345 584 1464 646 ἔστι
1509 582 1574 647 δὲ
1618 586 1720 646 καὶ
1761 584 2037 663 ποταμός.
2117 582 2181 645 ἐκ
2225 586 2378 647 ταύ-

346 699 451 754 της
508 672 570 738 δὲ
623 684 729 755 τῆς
774 672 1002 755 Ἱμέρας
1054 674 1154 737 καὶ
1206 676 1566 755 Στησίχορος
1622 672 1655 735 ὁ
1709 674 2034 754 μελοποιός.
2177 675 2232 733 d.
2290 667 2382 754 ἧν

348 762 411 825 δὲ
466 761 499 824 ὅ
550 757 891 846 Ἐργοτέλης
956 763 1087 836 υίὸς
1144 764 1476 843 Φιλάνορος
1542 762 1637 824 καὶ
1695 762 2216 843 ἐπολιτογραφήθη
2272 761 2376 823 έν-
2436 786 2465 824 5

345 860 559 914 ταῦθα.
624 878 752 914 metr.
782 872 813 914 Β

289 959 320 1003 Α
485 948 595 1003 la.
660 939 1023 1022 Λίσσομαί
1074 947 1208 1002 παῖ’
1244 940 1504 1019 Ζηνόςι
1558 938 2010 1001 καταλυθέντων
2063 950 2180 1001 τῶν
2231 940 2378 1021 περὶ

335 1026 573 1111 Ἱέρωνα
611 1029 881 1108 ἀθλήσας
916 1028 1035 1109 ἤδη
1070 1029 1366 1110 ἐνίκησεν·
1406 1028 1555 1089 ὅθεν
1589 1029 1694 1090 τὸν
1727 1027 2068 1108 ἐλευθέριον
2095 1030 2213 1089 Δία
2244 1077 2256 1089 .
2281 1079 2293 1091 .
2318 1078 2330 1089 .
2359 1079 2374 1090 .

346 1118 427 1192 ὡς
470 1128 588 1181 τῶν
634 1124 1002 1181 Σικελιωτῶν
1044 1116 1682 1199 κατελευθερωθέντων
1727 1127 1832 1196 τῆς
1875 1117 2246 1198 τυραννίδος.

134 1224 342 1281 Bouto
483 1209 595 1270 lb.
660 1210 1023 1287 Λίσσομαι
1066 1214 1200 1268 παῖ
1234 1207 1468 1286 Ζηνὸς
1521 1206 1966 1287 ἐλευθερίους
2019 1206 2128 1285 τὴν
2174 1206 2370 1287 Εἰρή-
2405 1230 2461 1269 10

343 1321 461 1375 νην
507 1296 848 1379 ἐλευθερίου
885 1296 1031 1369 Διὸς
1076 1296 1426 1359 ’ὑποτίθεται
1470 1294 1769 1377 θυγατέρα
1815 1295 1913 1355 διὰ
1957 1294 2068 1373 τὴν
2107 1293 2372 1357 ἐνοῦσαν

344 1392 467 1459 τοῖς
522 1387 935 1466 εἰρηνεύουσιν
988 1386 1348 1466 ἐλευθερίαν.
1501 1406 1548 1446 c.
1603 1383 1724 1445 ἔστι
1775 1382 1840 1447 δὲ
1903 1382 1984 1457 ὡς
2037 1384 2102 1445 τὸ
2157 1378 2368 1466 (Hom

345 1481 402 1535 A
442 1470 583 1555 37)·
630 1476 880 1555 Χρύσην
924 1472 1355 1555 ἀμφιβέβηκας.
1491 1476 1546 1533 d.
1593 1474 1830 1534 ἱκετεύω
1875 1465 1989 1535 οὖν
2035 1491 2128 1552 σε,
2171 1465 2218 1533 ὦ
2255 1483 2367 1535 τοῦ

343 1562 686 1643 ἐλευθερίου
715 1562 861 1635 Διὸς
904 1570 1022 1625 παῖ
1045 1564 1205 1643 Τύχη
1250 1562 1514 1644 σώτειρα,
1557 1560 1692 1641 περὶ
1733 1572 1840 1642 τῆς
1885 1567 2366 1644 μεγαλοσθενοῦς

195 1670 319 1726 ευρ
348 1652 569 1724 πόλεως
614 1660 719 1730 τῆς
756 1648 981 1732 Ἱμέρας
1024 1650 1407 1731 καλουμένης.
1544 1673 1592 1713 e.
1641 1646 1788 1732 [ἔστι
1823 1647 1916 1731 δὲ]
1955 1649 2147 1729 Ἱμέρα
2191 1650 2362 1724 πόλις
2397 1673 2454 1713 15

282 1760 314 1803 Β
344 1741 634 1813 Σικελίας.
718 1739 1104 1819 ἀμφιπόλει
1140 1737 1227 1819 δὲ,
1262 1741 1578 1820 περιπόλει.
1652 1741 1811 1812 σῶζε.
1947 1741 1986 1798 f.
2033 1736 2257 1820 εὔχεται
2294 1738 2361 1800 δὲ

340 1829 425 1908 μὴ
470 1828 839 1911 ὑποταγῆναι
884 1829 993 1909 τὴν
1031 1826 1261 1909 Ἱμέραν
1308 1830 1532 1910 μηδενί.

235 1939 311 1995 EQ
475 1923 588 1981 48..
651 1919 791 1981 τίνι
838 1920 936 1982 σοί
976 1924 1275 2000 Δωρικῶς.

191 2030 312 2086 uto
477 2010 594 2071 4b.
658 2007 767 2070 τὶν
818 2008 949 2091 γὰρ
1004 2008 1079 2070 ἐν
1124 2008 1381 2092 πόντῳε
1441 2008 1539 2068 διὰ
1586 2005 1648 2068 σὲ
1691 2007 1804 2089 γὰρ
1848 2007 1946 2068 καὶ
1990 2016 2130 2086 νῆες
2174 2005 2240 2068 ἐν
2283 2016 2356 2092 τῇ

338 2099 610 2181 θαλάσσῃ
657 2098 988 2160 ἰθύνονται.
1042 2117 1117 2160 58
1264 2118 1311 2158 c.
1359 2095 1400 2176 ἢ
1445 2096 1562 2158 ὑπὸ
1609 2106 1736 2158 σοῦ.
1870 2097 1928 2156 d.
1973 2095 2072 2156 διὰ
2109 2095 2218 2174 τὴν
2255 2097 2354 2158 τύ-
2385 2119 2446 2156 2⁰

338 2211 450 2267 χην
497 2185 647 2266 φησὶ
690 2186 791 2248 καὶ
833 2186 938 2259 τὰς
980 2186 1049 2248 ἐν
1094 2185 1443 2264 ἀνθρώποις
1487 2185 1728 2258 ἐλπίδας
1770 2184 2150 2247 έκκλείεσθαι.
2211 2209 2232 2246 ἰ
2251 2203 2285 2247 Β

279 2298 312 2341 Α
472 2280 581 2338 40.
646 2274 818 2337 θοαὶ
862 2286 1059 2348 νᾶεςε
1102 2275 1228 2336 ἐπεὶ
1272 2273 1374 2336 καὶ
1418 2275 1487 2334 αἱ
1525 2284 1664 2353 νῆες
1701 2276 1845 2360 τύχη
1880 2272 1998 2335 τινὶ
2031 2282 2354 2336 κινοῦνται.

339 2362 557 2444 ὁμοίως
603 2363 666 2425 δὲ
710 2363 811 2426 καὶ
855 2366 923 2426 αἱ
964 2364 1318 2445 δημηγορίαι
1363 2364 1642 2445 γίνονται.

123 2473 331 2531 aeneo
473 2456 585 2515 580.
651 2453 1019 2534 λαιψηροὶ
1070 2453 1424 2532 πόλεμοιε
1486 2461 1708 2530 κοῦφοι
1767 2450 1868 2513 καὶ
1923 2450 2186 2530 ἀνόητοι·
2255 2449 2354 2511 διὰ

333 2542 399 2603 τὸ
452 2541 719 2620 ἀνοήτως
772 2549 963 2604 ποιεῖν
1020 2538 1209 2622 ὁρμᾶν
1252 2541 1393 2614 τοὺς
1449 2539 1831 2621 μαχομένους.
1975 2542 2030 2600 b.
2087 2538 2219 2618 ἤτοι
2264 2539 2354 2600 ὅτι
2381 2560 2437 2600 25

478 2738 545 2784 24
583 2729 712 2783 Lex.
752 2730 979 2784 Bachm.
1012 2734 1236 2798 287,st
1285 2729 1447 2783 Phot.
1485 2726 1782 2798 λαιψηρόν.

476 2915 507 2963 3
545 2917 651 2964 νῦν
688 2926 793 2964 om.
833 2910 927 2964 ΒΝ
973 2910 991 2976 ΙΙ
1035 2907 1137 2976 τὴν
1174 2924 1280 2962 om.
1310 2907 1456 2963 GDN
1602 2910 1634 2959 8
1675 2903 1814 2962 ὅθεν
1851 2905 2080 2979 (λέγει)
2121 2908 2152 2961 b
2191 2908 2208 2975 ΙΙ
2243 2906 2350 2960 lae.

330 2981 577 3035 indicavi
723 2985 753 3033 9
790 2981 866 3042 ὡς
902 2981 969 3036 Αε
1009 2978 1101 3034 ἐπὶ
1139 2980 1171 3033 b
1318 2984 1386 3032 10
1405 2995 1526 3046 sqq.
1567 2977 1663 3032 cfr.
1703 2977 1876 3031 Lehrs
1910 2995 1966 3047 p.
1999 2983 2100 3030 118
2121 2994 2240 3046 sqq.

332 3058 398 3106 10
436 3051 689 3122 λίσσομαι
726 3068 833 3105 om.
866 3050 1059 3108 GDEU
1205 3055 1271 3103 13
1308 3049 1535 3119 Χρύσην
1572 3046 1628 3102 δ’
1656 3051 1693 3103 Ε
1839 3054 2014 3104 13.14
2047 3056 2149 3102 τοῦ
2187 3049 2258 3104 έλ.
2281 3054 2347 3102 Δ.

328 3133 437 3178 παῖ
474 3129 532 3178 Τ.
574 3123 783 3191 00(0):
830 3129 930 3176 τοῦ
970 3121 1040 3176 έλ.
1080 3127 1146 3174 Δ.
1182 3125 1242 3174 Τ.
1272 3130 1383 3175 παῖ
1412 3124 1449 3176 Ε
1503 3129 1602 3174 τοῦ
1630 3127 1696 3174 Δ.
1724 3127 1825 3174 τοῦ
1863 3120 1934 3174 έλ.
1964 3127 2074 3174 παῖ
2103 3123 2162 3172 Τ.
2196 3121 2279 3173 Βν

332 3203 397 3250 14
440 3195 595 3278 Τύχα
630 3210 663 3249 ν
690 3196 709 3263 ss
738 3193 992 3263 σώτειρα]
1032 3194 1263 3261 σώτειρα
1298 3193 1546 3257 σώζουσα
1587 3194 1668 3246 Βν
1793 3197 1858 3246 15
1897 3191 2008 3245 ἔστι
2043 3191 2108 3244 δὲ
2146 3207 2252 3243 om.
2287 3190 2348 3256 Ες

330 3266 531 3319 seclum
680 3270 744 3318 16
782 3264 928 3333 ἀμφὶ
964 3263 1127 3318 πόλιν
1163 3263 1226 3318 δὲ
1262 3264 1549 3330 περισώζει
1584 3261 1748 3317 πόλιν
1788 3264 1822 3317 Ε
1868 3265 1888 3332 ΙΙ
1931 3265 2063 3326 σῶζε
2096 3276 2152 3316 νε
2194 3262 2348 3324 σώζει

438 3341 502 3390 19
540 3335 576 3388 l.
617 3351 723 3389 om.
758 3336 845 3392 Ess
884 3337 904 3403 ss
948 3334 1079 3406 γὰρ]
1116 3333 1223 3404 γάρ
1260 3352 1396 3404 φησι
1435 3337 1518 3389 Βν
1663 3338 1730 3387 20
1767 3330 1802 3400 ἢ
1836 3333 1948 3386 ὑπὸ
1985 3339 2086 3386 σοῦ
2125 3348 2230 3385 om.
2266 3334 2348 3388 Βν

432 3410 519 3460 20.
542 3412 607 3460 21
647 3407 821 3478 τύχην
851 3403 952 3460 οὖν
983 3423 1119 3474 φησι
1150 3407 1234 3460 Βν
1335 3412 1399 3459 21
1433 3404 1730 3460 ἐκλύεσθαι
1761 3407 1796 3459 Ε
1896 3410 1963 3457 22
1994 3402 2284 3476 <έν>τύχῃ
2313 3403 2346 3458 h

438 3485 503 3534 24
540 3474 811 3546 λαιψηροί
844 3495 903 3530 τε
940 3475 1191 3545 πόλεμοι·
1230 3475 1476 3530 τουτέστι
1516 3479 1598 3533 Βν
1750 3480 1818 3528 25
1854 3483 2037 3530 ποιεῖν
2068 3474 2186 3531 Bu:
2222 3492 2347 3527 ποι-

330 3557 413 3673 εῖέν
450 3550 546 3603 καὶ
576 3548 715 3672 θᾱΙὲΕ
737 3549 917 3675 apost
942 3546 1123 3616 ὁρμᾶν
1160 3547 1288 3600 add.
1320 3547 1382 3602 ἐν
1408 3553 1484 3620 τῷ
1509 3545 1728 3619 πολέμῳ
1759 3547 1876 3611 0ος
1913 3545 1988 3599 id.
2017 3548 2146 3614 post
2171 3563 2346 3615 μαχο-

329 3639 364 3687 μ
396 3638 531 3684 νους
567 3635 601 3673 a
685 3662 694 3672 .
786 3634 819 3673 ν
