2646 3882
965 240 1183 313 Olymp.
1213 242 1316 297 VH
1352 242 1515 297 inser.
2109 242 2232 308 197

198 408 397 491 τέρων
471 406 534 470 δὲ
608 408 782 482 υἱοὺς
843 407 1082 470 Εὐκλέα
1146 410 1586 481 Καλλιάνακτος
1656 407 1754 470 καὶ
1826 409 2236 492 Πεισίρροδον.

202 491 382 561 οὗτοι
428 494 491 559 δὲ
535 496 755 570 πολλὰς
802 498 971 571 νίκας
1018 496 1083 559 ἐκ
1127 507 1242 559 τῶν
1275 492 1608 577 Ὀλυμπίων
1646 496 1836 579 ἔσχον,
1881 494 2135 580 (ἔσχον)
2172 496 2237 560 δὲ

199 586 311 649 καὶ
355 586 422 647 ἐκ
468 587 730 648 Πυθίων
779 634 792 645 .
823 634 837 647 .
867 635 924 649 ..
974 584 1038 648 δὲ
1084 584 1203 665 ἔφη
1249 586 1339 647 ὅτι
1382 588 1590 659 παῖδες
1644 588 1856 649 τούτου
1912 587 2239 668 διαφόρους

203 674 449 755 ἀγῶνας
497 675 841 755 νικήσαντες
885 674 987 737 καὶ
1032 675 1447 757 περιβαλόντες
1492 674 1594 736 τὸν
1638 676 1939 757 Διαγόραν
1984 675 2240 754 ἐξῆλθον

146 788 172 827 5
207 764 689 846 μακαριζόμενοι,
735 758 844 844 ἀφ’
886 757 962 825 οὗ
999 760 1293 846 Ἡρακλῆς
1349 763 1648 843 συνέθηκε
1703 763 1806 826 τὸν
1851 762 2079 846 ἀγῶνα,
2125 789 2238 844 μη-

207 854 342 915 δενί
395 875 488 915 πω
543 864 783 915 τοιαῦτα
837 856 1138 933 συμβῆναι
1193 851 1337 914 ὥστε
1390 850 1491 914 καὶ
1544 852 1647 915 τὸν
1692 851 1911 933 πατέρα
1956 851 2057 914 καὶ
2099 853 2239 926 τοὺς

205 941 386 1014 υἱοὺς
417 936 875 1022 Ὀλυμπιονίκας
919 942 1218 1023 γενέσθαι.
1296 938 1335 1020 ἡ
1373 942 1646 1023 θυγάτηρ
1694 939 1755 1003 δὲ
1801 943 2014 1004 τούτου
2050 934 2238 1023 ἦλθεν

206 1031 296 1103 εἰς
342 1030 412 1091 τὰ
454 1025 769 1110 Ὀλύμπια·
820 1018 859 1117 ᾖ
908 1028 1098 1111 ὄνομα
1143 1031 1591 1111 Καλλιπάτειρα.
1684 1030 1965 1093 ἐκωλύετο
2010 1028 2074 1092 δὲ
2120 1029 2237 1092 ὑπὸ

205 1129 330 1180 τῶν
371 1116 806 1181 Ἑλλανοδικῶν
852 1119 1007 1201 γυνὴ
1056 1112 1207 1182 οὖσα
1252 1126 1556 1201 θεωρῆσαι
1600 1118 1671 1179 τὰ
1712 1113 2013 1200 Ὀλύμπια.
2088 1116 2127 1198 ἡ
2175 1117 2239 1180 δὲ

124 1230 178 1271 1⁰
209 1208 321 1289 οὐχ
379 1206 556 1288 ὁμοία
609 1208 729 1287 ἔφη
774 1202 926 1269 εἶναι
981 1215 1108 1282 ταῖς
1162 1207 1366 1282 ἄλλαις
1419 1209 1713 1290 γυναιξίν·
1771 1207 1920 1289 ἔχειν
1974 1208 2085 1289 γὰρ
2140 1206 2239 1269 καὶ

206 1296 316 1359 τὸν
361 1296 583 1379 πατέρα
628 1296 931 1379 Διαγόραν
987 1297 1086 1359 καὶ
1130 1298 1270 1371 τοὺς
1322 1304 1476 1379 τρεῖς
1522 1295 1819 1376 ἀδελφοὺς
1864 1292 2238 1376 Ὀλυμπιονί-

203 1409 338 1464 κας,
380 1386 759 1467 Δαμάγητον,
796 1385 1048 1467 Δωριέα,
1080 1381 1486 1467 Ἀκουσίλαον,
1530 1385 1631 1448 καὶ
1674 1385 1938 1466 πέμπτον
1974 1384 2236 1465 ἀδελφῆς

205 1475 395 1535 παῖδα
448 1474 685 1537 Εὐκλέα
747 1474 848 1536 καὶ
911 1475 1095 1556 αὐτῆς
1157 1475 1294 1538 υἱὸν
1350 1475 1778 1557 Πεισίρροδον,
1844 1474 1945 1537 καὶ
2011 1476 2238 1537 τούτων

206 1562 443 1636 εἰκόνας
507 1558 662 1625 εἶναι
725 1562 790 1625 ἐν
843 1560 1146 1649 Ὀλυμπία.
1252 1566 1316 1626 οἱ
1359 1560 1771 1626 Ἑλλανοδίκαι
1830 1562 1894 1626 δὲ
1953 1561 2239 1643 ἡσθέντες

126 1674 177 1715 15
207 1652 628 1733 συνεχώρησαν
675 1652 824 1737 αὐτῇ
871 1659 1138 1735 θεωρεῖν.

344 1762 392 1802 c.
447 1742 852 1821 προοίμιον.
927 1739 958 1802 6
1006 1742 1303 1824 Διαγόρας
1358 1740 1489 1815 υίὸς
1543 1740 1654 1822 μὲν
1708 1734 1787 1822 ἧν
1842 1742 2202 1823 Δαμαγήτου
2240 1760 2447 1819 Bouto

206 1838 315 1891 τοῦ
354 1826 607 1891 Ῥοδίου·
675 1828 807 1912 περὶ
862 1827 926 1891 δὲ
980 1831 1193 1893 τούτου
1249 1840 1371 1911 τοῦΙ
1413 1830 1713 1912 Διαγόρου
1770 1831 2066 1912 ἱστόρηται
2117 1854 2237 1893 τοι-

86 1878 90 1968 h·
206 1928 376 1981 αὕτα.
460 1918 607 1981 κατὰ
662 1918 774 2002 γὰρ
828 1917 940 1998 τὴν
992 1912 1315 2000 Ὀλυμπίαν
1371 1917 1611 1998 ἕστηκεν
1669 1917 1700 1981 6
1747 1919 2042 2002 Διαγόρας
2096 1919 2237 2000 μετὰ

207 2007 317 2087 τὴν
364 2009 731 2090 Λυσάνδρου
787 2008 1020 2088 εἰκόνα,
1073 2018 1280 2090 πηχῶν
1334 2010 1629 2090 τεσσάρων
1686 2008 1991 2071 δακτύλων
2045 2007 2237 2086 πέντε,

127 2121 179 2160 20
208 2096 320 2176 τὴν
377 2097 579 2172 δεξιὰν
643 2097 970 2159 ἀνατείνων
1033 2103 1222 2179 χεῖρα,
1278 2096 1388 2176 τὴν
1456 2095 1516 2158 δὲ
1582 2096 1889 2179 ἀριστερὰν
1953 2098 2037 2170 εἰς
2101 2096 2237 2160 ἑαυ-

208 2185 312 2247 τὸν
371 2184 702 2250 ἐπικλίνων.
805 2184 947 2265 μετὰ
1013 2185 1077 2246 δὲ
1140 2197 1352 2248 τοῦτον
1418 2186 1638 2247 ἵσταται
1700 2184 1801 2247 καὶ
1866 2184 1897 2247 6
1955 2187 2239 2268 Δαμάγη-

207 2297 308 2347 τος
371 2272 402 2335 6
449 2277 844 2357 πρεσβύτερος
902 2265 1020 2336 τῶν
1074 2275 1307 2336 παίδων
1372 2274 1588 2353 αὐτοῦ,
1657 2271 1725 2348 ὃς
1789 2267 1869 2355 ἧν
1923 2274 2025 2336 καὶ
2080 2271 2236 2355 δμώ-

206 2386 398 2443 νυμος
454 2369 534 2448 τῷ
588 2365 846 2450 πάππῳ,
909 2365 1270 2446 παγκράτιον
1334 2362 1842 2444 προβεβλημένος,
1904 2364 2004 2425 καὶ
2058 2363 2235 2436 αὐτὸς

206 2461 413 2532 πηχῶν
449 2454 769 2534 τεσσάρων,
805 2453 1056 2515 ἐλάττων
1095 2450 1160 2514 δὲ
1195 2463 1301 2515 τοῦ
1335 2452 1895 2534 πατρὸςδακτύλων
1925 2453 2235 2534 τεσσάρων,

251 2677 259 2688 -
351 2645 523 2695 7-15
547 2641 712 2696 Paua.
731 2647 790 2710 5,
813 2647 999 2712 6,‘18q.
1113 2647 1248 2697 17-
1261 2660 1313 2712 p.
1330 2647 1451 2711 199,
1467 2649 1493 2696 1
1516 2642 1743 2696 Tzetzes
1765 2641 2237 2696 Chil.1594-618

352 2806 381 2855 1
422 2799 644 2856 Εὐκλέα
671 2802 1096 2867 Καλλιάνακτος
1132 2818 1237 2872 ego
1275 2805 1352 2871 (V,
1380 2802 1595 2873 Pane.):
1634 2801 2020 2857 εὐκλεέστατον
2052 2805 2238 2856 καλλι-

209 2871 426 2926 άνακτα
453 2875 472 2941 ΙΙ
509 2869 883 2942 Πεισίρροδον
915 2877 945 2929 b
985 2874 1217 2945 (Paua.)=
1255 2871 1640 2942 Πεισίρροθον
1785 2879 1881 2927 2.3
1902 2872 2151 2946 <ἔσχον>
2171 2875 2208 2927 δ

208 2943 305 2997 καὶ
341 2958 470 3012 ego:
513 2943 653 2999 δέκα
798 2950 830 2998 3
867 2945 972 2999 lac.
1012 2943 1276 3012 indicavi,
1313 2944 1379 3000 δὲ
1417 2945 1525 3013 ἔφη
1564 2943 1764 3013 scripsi
1802 2961 1929 2998 cum
1966 2945 2131 2998 Reda
2170 2944 2235 3000 δὲ

211 3012 242 3068 ὅ
279 3031 450 3083 φησιν
487 3016 530 3069 Α
557 3017 576 3084 ΙΙ
615 3015 817 3069 τούτου
853 3015 1188 3087 διαφόρους]
1226 3023 1327 3070 τοῦ
1364 3014 1688 3084 Διαγόρουῗ
1831 3022 1865 3068 4
1902 3013 2233 3086 περιλαβόν-

207 3104 295 3146 τες
331 3085 638 3141 Sohroeder
663 3088 684 3155 ΙΙ
708 3085 1000 3156 Διαγόραν
1039 3103 1168 3156 ego:
1208 3085 1459 3155 ἀδελφὸν
1606 3093 1637 3140 5
1666 3083 1774 3176 ἀφ’
1808 3081 1874 3140 οὗ
1905 3084 2055 3159 <δ’>
2077 3083 2235 3154 ‘Hem'

350 3161 379 3209 ‘1
419 3157 481 3213 δὲ
519 3173 650 3226 egoz
689 3158 787 3212 καὶ
912 3163 945 3212 8
982 3155 1383 3226 Καλλιπάτρειε
1423 3159 1463 3213 V
1600 3161 1666 3211 10
1706 3155 1942 3226 ομοίωςῗ
1970 3159 2013 3212 Α
2039 3160 2059 3226 ΙΙ
2087 3156 2234 3228 ἔχειν

211 3244 337 3297 ego:
360 3228 480 3300 ἔσχε
556 3234 620 3282 12
641 3227 978 3298 Δαμάτητον
1003 3229 1024 3298 ΙΙ
1049 3227 1275 3297 Δωρέαε
1297 3231 1336 3283 V
1363 3231 1383 3298 ΙΙ
1410 3227 1660 3298 πέμπτον
1682 3244 1810 3296 ego:
1834 3227 1873 3284 ε’
1966 3233 2032 3281 13
2050 3231 2235 3283 παῖδα

211 3315 341 3369 ego:
379 3303 590 3361 παῖδας
625 3302 644 3369 ΙΙ
682 3300 900 3355 Εὐκλεᾶ
935 3301 955 3370 ΙΙ
991 3297 1401 3368 Πεισίρροθονε
1442 3299 1539 3355 cfr.
1574 3306 1601 3354 1
1743 3305 1809 3353 14
1841 3297 2237 3354 Ἑλλανοδίκαι

212 3422 338 3476 ego:
367 3372 566 3462 ἑλλανῖξ
595 3405 656 3460 αἱ
681 3409 702 3476 ss
727 3405 1061 3476 ἡττηθέντες
1099 3405 1408 3460 Schroeder
1442 3405 1508 3461 ft.
1546 3407 1698 3461 recte
1836 3411 1902 3461 16
1934 3401 2233 3474 προοίμιον

213 3480 340 3533 3¹³⁸:
380 3477 591 3546 φιάλαν
629 3477 704 3539 ὡς
740 3477 792 3532 εὶ
824 3498 909 3540 τις
946 3477 1140 3534 01)Εο
1175 3479 1194 3546 ΙΙ
1231 3476 1261 3530 6
1300 3482 1465 3547 Διαγ.
1506 3472 1669 3541 οὗτος
1702 3493 1734 3532 ν
1770 3479 1789 3546 ΙΙ
1824 3473 2156 3546 Δαμαγέτου
2198 3477 2235 3528 Ε

315 3553 378 3601 17
408 3546 664 3616 Διαγόρα
695 3549 736 3604 ss
837 3555 902 3603 18
927 3545 1299 3616 Ὀλυμπιάδας
1330 3548 1483 3602 Beck
1574 3554 1640 3602 22
1669 3542 1741 3618 ἦν
1770 3565 1876 3601 om.
1902 3550 1939 3601 Ε
2030 3550 2097 3597 23
2126 3544 2228 3595 αὐ-

211 3618 305 3674 τὸν
334 3621 369 3674 Ε
479 3625 547 3672 24
585 3617 786 3673 ἐλάττω
819 3622 907 3675 ΠΕ
935 3621 954 3689 ΙΙ
980 3627 1079 3673 τοῦ
1106 3618 1320 3688 πατρὸς
1346 3637 1453 3675 om.
1486 3622 1523 3675 D
1552 3621 1572 3690 ΙΙ
1599 3622 1755 3674 δακτ.
1785 3617 1951 3673 πέντε
1982 3617 2012 3669 b
2048 3616 2137 3682 (ex
2162 3611 2226 3679 Α)
