2646 3882
333 230 461 295 184
1224 232 1449 287 Scholia.

157 416 326 472 Βῠεο
467 401 588 458 141
613 419 666 459 a.
747 397 1013 472 ἀκόνας
1071 404 1396 481 λιγυρᾶςτ
1469 399 1697 480 ἀκόνην
1763 399 1954 477 ὀξεῖάν
2027 419 2178 480 φησι
2239 401 2351 479 τὴν

330 487 646 566 μουσικήν·
692 489 858 567 λιγὺς
902 487 1014 569 γὰρ
1058 498 1175 550 νῦν
1222 486 1254 550 ὅ
1301 486 1458 563 ὀξύς.
1549 488 1650 550 καὶ
1675 487 1940 572 ’Ὄμηρος
1986 484 2064 572 (Β
2105 483 2288 573 246)-

582 587 813 674 Θερσῖτ’
854 593 1239 675 ἀκριτόμυθε,
1285 597 1450 677 λιγύς
1495 617 1604 674 περ
1649 595 1765 658 ἐὼν
1810 595 2122 678 ἀγορητής,

574 683 743 764 ἴσχεο.
1397 732 1399 734 -

179 807 299 863 nto
332 783 439 873 [οὗ
474 788 584 870 γὰρ
621 789 867 871 ἐγχωρεῖ
893 790 997 852 τὸν
1031 788 1244 872 ἄκριτα
1284 789 1525 873 λέγοντα
1561 788 1718 870 ἡδὺν
1754 786 1923 853 εἶναι.
2040 793 2096 853 b.
2134 790 2350 865 ἄλλως·
2408 814 2436 855 5

328 877 550 958 ἀκόνης
609 877 769 951 τινὸς
832 879 1077 958 δόκησιν
1132 878 1241 960 ἔχω
1299 879 1398 941 ἐπὶ
1451 881 1741 962 γλώσσης·
1810 881 1843 941 ὅ
1886 880 2035 960 ἐστι,
2089 903 2350 962 παρακο-

326 977 535 1047 νῶμαι.
592 977 742 1041 141ᾱο
880 987 926 1028 ο.
972 966 1014 1048 ἢ
1059 969 1270 1042 οὕτως·
1320 965 1359 1048 ἡ
1407 969 1648 1048 δόκησις
1693 967 1882 1049 ἀκόνη
1930 985 2052 1049 μοι·
2115 967 2148 1031 ὃ
2195 971 2351 1032 δοκῶ

324 1056 458 1136 περὶ
512 1065 629 1117 τῶν
682 1054 950 1137 ἀνδρῶν,
1004 1057 1175 1118 τοῦτό
1233 1080 1334 1137 μοι
1389 1057 1578 1137 ἀκόνη
1633 1056 1791 1119 ἐστὶν
1847 1055 1886 1138 ἡ
1933 1060 2352 1138 παροξύνουσά

329 1167 397 1224 με
433 1144 533 1206 καὶ
569 1155 943 1226 παρορμῶσα.
1002 1157 1152 1220 143120
1297 1147 1350 1206 d.
1399 1145 1440 1226 ἢ
1477 1147 1659 1209 οὕτω·
1707 1156 1813 1226 τῆς
1850 1152 2092 1228 λιγυρᾶς
2129 1146 2351 1227 ἀκόνης

328 1234 435 1314 ἔχω
496 1234 743 1313 δόκησιν
801 1233 899 1295 ἐπὶ
950 1244 1055 1314 τῆς
1114 1235 1411 1315 γλώσσης,
1470 1237 1597 1316 ἥτις
1652 1237 1880 1317 κραίνει
1933 1246 2037 1316 τῆς
2083 1236 2350 1318 εὐτυχίας
2381 1259 2436 1298 1ο

137 1340 303 1397 Boeo
331 1323 441 1400 τὴν
496 1323 760 1402 δόκησιν.
896 1343 943 1383 e.
1002 1320 1034 1384 ὅ
1082 1321 1147 1406 δὲ
1204 1334 1374 1398 νοῦς·
1438 1323 1577 1399 ὀξὺς
1637 1323 1722 1386 ὢν
1782 1323 2054 1406 ὀξύτερος
2112 1326 2352 1406 γίνομαι

222 1430 302 1486 no
330 1405 470 1493 παρ’
512 1410 736 1490 ἀκόνης
789 1421 893 1490 τῆς
949 1413 1245 1490 δοκήσεως
1299 1413 1652 1494 θηγόμενος.
1711 1432 1860 1488 14100
2012 1416 2054 1475 f.
2111 1420 2352 1495 λιγυρᾶς

327 1510 443 1561 νῦν
480 1509 585 1579 τῆς
632 1498 841 1574 ὀξείας.
1439 1501 1442 1506 ’

274 1607 305 1651 Α
468 1593 592 1650 142
616 1609 668 1648 a.
732 1588 1143 1671 προσέρπειτ
1202 1592 1498 1672 προσάγει.
1633 1593 1689 1652 b.
1735 1593 2055 1673 παροξύνει
2098 1591 2199 1652 καὶ
2245 1592 2352 1653 αὐ-

326 1677 429 1739 τόν
485 1700 553 1757 με
608 1676 862 1738 θέλοντα
912 1685 1038 1750 ταῖς
1091 1680 1456 1760 καλλιρρόοις
1511 1682 1694 1762 ῥοαῖς.
1831 1701 1877 1742 ο.
1933 1681 2232 1761 καλλίροοι
2289 1679 2352 1740 δὲ
2382 1702 2434 1743 15

327 1765 460 1848 ῥοαὶ
506 1767 575 1827 αἱ
613 1765 729 1828 ἀπὸ
774 1775 893 1828 τῶν
938 1764 1207 1848 ὀργάνων
1252 1767 1702 1848 ἐκπεμπόμεναι.

240 1866 316 1918 εει
471 1859 595 1915 142
618 1857 671 1915 d.
738 1849 1202 1939 (προσέρπειτ)
1248 1859 1533 1938 γράφεται
1578 1857 1906 1939 προσέλκοι.

228 1965 308 2021 uo
465 1949 663 2006 1438..
736 1946 1179 2025 καλλιρόοισι
1244 1948 1472 2029 ῥοαῖςε
1537 1955 1662 2021 ταῖς
1721 1946 1836 2009 ἀπὸ
1899 1956 2018 2009 τῶν
2082 1944 2352 2029 ὀργάνων

330 2032 802 2113 ἀναφερομέναις
846 2043 964 2096 τῶν
1010 2030 1134 2114 μετ’
1174 2034 1376 2097 αὐλῶν
1421 2036 1647 2116 ὕμνων.
1696 2061 1777 2100 144

207 2144 327 2200 nto
468 2127 592 2185 143
613 2125 669 2186 b.
734 2125 1220 2205 ματρομάτωρε
1274 2122 1313 2203 ή
1360 2134 1466 2205 τῆς
1521 2126 1737 2207 μητρὸς
1791 2136 1896 2207 τῆς
1942 2124 2088 2206 ἐμῆς
2135 2125 2348 2206 μήτηρ·
2381 2148 2436 2188 20

326 2222 451 2286 πῶς
498 2210 582 2291 δὲ,
626 2212 885 2286 ἐπιόντες
933 2213 1213 2288 δείξομεν.
1270 2233 1420 2276 129οε
1449 2225 1598 2289 14110

269 2322 300 2366 Α
464 2306 592 2362 144
613 2322 665 2362 a.
731 2302 1177 2380 Στυμφαλίςτ
1214 2301 1330 2364 ἀπὸ
1368 2304 1650 2384 πατρίδος
1679 2300 2030 2385 Ἀρκαδικῆς
2061 2296 2138 2387 (Β
2171 2298 2353 2387 608)·

570 2408 939 2487 Στύμφηλόν
983 2402 1037 2470 τ’
1077 2402 1233 2489 εἶχον
1280 2409 1378 2470 καὶ
1424 2411 1777 2491 Παρρασίην
1822 2408 2118 2490 ἐνέμοντο.

418 2517 477 2575 b.
523 2512 561 2593 ἡ
600 2515 871 2594 Μετώπη
919 2512 981 2576 δὲ
1024 2509 1291 2577 Ἀσωποῦ
1330 2514 1438 2595 μὲν
1481 2510 1560 2597 ἧν
1596 2516 1773 2598 γυνὴ,
1818 2516 2090 2597 θυγάτηρ
2130 2514 2194 2577 δὲ
2222 2517 2354 2577 Λά-

331 2605 525 2676 δωνος
570 2614 675 2665 τοῦ
719 2603 786 2665 ἐν
826 2598 1105 2689 Ἀρκαδίᾳ
1149 2615 1450 2683 ποταμοῦ,
1497 2606 1685 2686 μήτηρ
1735 2603 1796 2666 δὲ
1849 2605 2085 2684 Θήβης,
2131 2601 2238 2683 ἀφ’
2281 2597 2354 2681 ἧς
2383 2624 2436 2666 25

331 2690 370 2771 ἡ
410 2692 721 2769 Πινδάρου
767 2694 991 2772 πατρίς.
1130 2714 1177 2754 ο.
1225 2692 1603 2775 προσέλκεταί
1645 2716 1714 2772 με
1749 2690 1788 2772 ἡ
1829 2693 2099 2772 Μετώπη
2143 2693 2354 2777 ’ὑμνεῖν

474 2904 504 2951 2
543 2898 699 2954 Eust.
738 2899 801 2954 Π.
834 2905 955 2967 213,
986 2906 1069 2955 35.
1126 2899 1257 2954 Hes,
1296 2900 1412 2952 EM
1451 2905 1570 2966 564,
1602 2905 1685 2955 55.
1741 2897 1848 2953 EG
1877 2903 1997 2966 369,
2028 2904 2096 2953 54

474 3121 502 3167 1
542 3110 724 3169 ἀκόνα
746 3116 821 3185 (η)
859 3116 1058 3185 λιγυρᾶ
1096 3115 1185 3169 DE
1331 3119 1363 3167 2
1405 3114 1504 3167 καὶ
1540 3130 1646 3167 om.
1679 3115 1767 3169 DE
1913 3118 1945 3165 3
1989 3108 2229 3180 Θερσίτα
2271 3115 2308 3168 D
2339 3112 2360 3186 ΙΙ

329 3184 603 3255 ἀγορητὸς
640 3187 677 3239 Ε
830 3190 861 3237 5
900 3186 927 3239 ἐ
962 3193 1131 3256 χωρεῖ
1159 3184 1262 3239 τὸν
1301 3187 1360 3240 b:
1414 3185 1499 3239 ἔνι
1535 3184 1785 3257 χωρητὸν
1938 3189 1970 3237 6
2006 3182 2136 3239 τινὰ
2175 3184 2216 3240 ss

332 3261 360 3309 '1
401 3255 578 3323 ἀκόνη
616 3274 711 3323 μοι
750 3257 785 3309 Ε
840 3206 1019 3325 ἀκόνη
1056 3275 1165 3325 μου
1196 3256 1305 3312 ssb:
1346 3255 1606 3326 ἀκόνημα
1645 3259 1728 3311 Βν
1785 3303 1791 3309 .
1872 3261 1906 3310 8
1941 3256 2072 3324 περὶ
2101 3257 2162 3311 E:
2201 3254 2359 3323 παρὰ

332 3326 469 3381 Bssv
617 3332 682 3379 10
719 3324 937 3393 κραίνει
978 3327 1093 3382 Bss:
1142 3324 1321 3393 κρίνει
1362 3329 1397 3381 Ε
1555 3333 1618 3381 11
1661 3326 1924 3391 ὀξύτατος
1963 3330 2000 3382 Β
2159 3332 2224 3380 13
2260 3333 2362 3395 τῆς

330 3411 435 3449 om.
469 3398 552 3450 Ην
681 3404 745 3450 15
784 3396 1097 3465 καλλιρόοις
1123 3400 1215 3451 Αιό
1242 3399 1261 3466 ΙἸ
1290 3394 1450 3467 ῥοαῖς
1486 3400 1544 3452 et
1582 3403 1649 3452 16
1678 3394 1831 3469 ῥὀαὶ]
1869 3407 2076 3463 πνοαῖς
2103 3400 2162 3453 eia
2185 3400 2361 3453 πνοαὶ

259 3536 263 3540 ι
329 3466 399 3535 ej.
433 3468 464 3521 b
627 3471 692 3520 18
733 3464 890 3537 ῥοαῖς
929 3471 994 3522 fl:
1034 3477 1240 3532 πνοαῖς
1277 3469 1318 3525 ss
1483 3474 1548 3524 19
1588 3470 1773 3523 αὐλῶν
1814 3473 1880 3525 H:
1921 3471 2095 3526 αὐλοῦ
2135 3471 2217 3527 (lv

331 3544 397 3591 21
438 3535 687 3600 ἐπιόντες
724 3555 829 3593 om.
863 3540 902 3593 Β
1039 3543 1107 3592 23
1136 3538 1478 3609 Στύμφηλόν
1505 3540 1677 3595 Hom:
1716 3540 2117 3612 Στυμφηλίτην
2153 3544 2172 3613 ΙΙ
2201 3544 2360 3608 Παρ-

331 3606 529 3676 ῥησίην
672 3614 740 3663 26
779 3627 844 3677 με
882 3624 986 3677 ego
1024 3612 1131 3679 (V):
1170 3610 1271 3679 μὲν
