2646 3882
1107 259 1192 314 De
1227 259 1306 312 IX
1341 258 1532 328 lyricis
2248 259 2325 322 11

431 423 536 505 ἠδὲ
581 427 931 505 Σιμωνίδεω
979 427 1163 489 Κείου
1210 426 1467 508 Δωριστὶ
1510 431 1828 498 λαλοῦντος
2275 448 2327 488 15

517 514 622 576 τὸν
666 509 871 596 πατέρ’
913 515 1164 594 αἰνήσας
1212 516 1344 577 ἴσθι
1389 512 1765 595 Λεωπρεπέα.

430 597 529 664 ἶσα
574 603 736 677 δαεὶς
780 604 879 665 καὶ
923 609 1103 677 Κεῖος
1151 603 1267 666 ἐὼν
1311 614 1483 690 γενεῇ
1529 601 1838 682 μελοποιὸς

516 695 808 766 Μίλωνος
843 691 1092 774 πατέρος
1138 691 1337 756 ἔπλετο
1382 693 1768 774 Βακχυλίδης.

237 819 262 860 5
425 775 686 860 Ἀλκμὰν
731 780 797 843 έν
840 783 1103 844 Λυδοῖσι
1147 781 1293 864 μέγα
1337 781 1567 864 πρέπει·
1626 779 1769 842 ἀλλὰ
1814 781 2129 859 Δάμαντος

519 868 639 932 ἐστὶ
681 870 784 932 καὶ
827 869 892 932 ἐκ
937 872 1248 952 Σπαρτης,
1294 871 1567 952 Δωρίδος
1612 868 1918 950 ἁρμονίης.
2276 891 2329 931 20

427 993 687 1075 Λυρικοὶ
733 994 968 1074 ποιηταὶ
1005 1003 1306 1074 μουσικῶν
1346 989 1622 1080 ᾇσματων
1659 992 1854 1056 ἐννέα·
1903 991 2077 1055 ἐννέα
2114 991 2177 1054 δὲ
2215 1011 2534 1067 (mer-'xmo

288 1082 392 1144 καὶ
429 1084 499 1144 αἱ
528 1077 675 1144 καθ’
707 1081 864 1163 ἡμᾶς
900 1093 1018 1145 τῶν
1055 1085 1242 1145 θείων
1279 1076 1557 1193 ᾇσματων
1595 1081 1756 1144 ὠδαί.
1794 1078 1810 1192 l
1850 1081 1921 1144 τὰ
1960 1081 2021 1144 δὲ
2060 1080 2322 1162 ὀνόματα
2350 1100 2547 1156 (ομ-’κο

289 1182 411 1233 τῶν
438 1171 884 1253 προειρημένων
910 1178 1170 1253 λυρικῶν
1197 1172 1307 1234 εἰσὶ
1337 1174 1498 1233 τάδε·
1524 1167 1781 1251 Ἀλκμαν
1798 1176 2059 1244 Αλκαῖος
2088 1170 2325 1249 Σαπφὼ

210 1281 263 1321 10
289 1263 656 1343 Στησίχορος
699 1258 939 1342 Ἴβυκος
993 1255 1325 1343 Ἀνακρέων
1392 1263 1737 1341 Σιμωνίδης
1794 1262 2163 1342 Βακχυλίδης
2224 1260 2326 1321 καὶ

289 1351 498 1411 Πίνδα
536 1372 618 1424 ος.

419 1373 635 1500 Ἐἒνέα
680 1436 744 1500 δὲ
781 1439 845 1501 οἱ
875 1441 1132 1520 λυρικοί·
1184 1434 1452 1513 Ἀλκαῖος
1488 1438 1724 1517 Σαπφὼ
1769 1439 2131 1519 Στησίχορος
2160 1436 2324 1519 ’Ἰβυ-
2352 1460 2445 1520 Qbr

290 1549 398 1600 κος
432 1528 804 1608 Βακχυλίδης
832 1529 1176 1608 Σιμωνίδης
1207 1525 1464 1608 Ἀλκμὰν
1494 1522 1827 1609 Ἀνακρέων
1861 1528 1960 1590 καὶ
1997 1528 2320 1608 Πίνδαρος.

385 1739 608 1876 131)(ἷ11
650 1734 748 1788 cfr.
783 1735 1120 1789 laterculum
1157 1733 1562 1789 Coislinianum
1598 1734 1829 1804 (Usener
1865 1733 2028 1789 Dion.
2069 1735 2139 1789 de
2177 1734 2319 1789 imit.

297 1824 353 1876 p.

438 1990 465 2037 1
505 1984 631 2056 ἠδε]
669 1982 769 2038 καί
804 2002 862 2039 σε
903 1987 938 2041 Ε
982 1987 1003 2053 ΙΙ
1043 1981 1217 2040 Κείου
1254 2000 1311 2041 v:
1351 1981 1477 2039 κίου
1649 1990 1681 2037 2
1720 1991 1918 2054 Λεωπρ
1922 1984 2060 2040 επέα
2099 1986 2158 2040 h:
2196 1985 2267 2053 ἀρ
2272 2006 2321 2038 ι-

290 2075 366 2125 πρ
371 2055 506 2111 επέα
665 2062 698 2109 3
746 2050 838 2109 ἴσα
875 2057 1031 2119 δαεὶς
1068 2060 1126 2111 h:
1166 2055 1339 2111 ἰσάδα
1378 2059 1414 2112 Ε
1488 2056 1684 2111 ἰσαδα
1660 2077 1726 2126 ης
1765 2056 1854 2113 ΡΟ
1889 2007 2157 2110 ρίσσαδα
2132 2076 2201 2125 ης
2235 2070 2268 2110 ν
2280 2056 2323 2144 ΙΙ

293 2128 400 2182 ἐὼν
439 2129 622 2197 h(P?):
665 2127 762 2196 ἔην
941 2134 976 2181 4
1025 2125 1292 2196 μείλωνος
1331 2127 1413 2184 ssv
1484 2077 1761 2189 Μέδωνος
1796 2127 1949 2181 Suid.
1987 2076 2167 2181 unde„
2175 2123 2321 2181 Μεί-

292 2201 474 2262 δωνος
510 2199 539 2253 Ι)
587 2200 607 2268 ΙΙ
660 2197 901 2287 πατέρος
937 2196 990 2255 δ’
1035 2213 1067 2253 ν
1247 2204 1279 2252 ὂ
1327 2197 1489 2289 μέγα]
1528 2197 1663 2289 μέτα
1704 2201 1739 2254 Ε
1784 2202 1803 2267 ΙΙ
1848 2198 1985 2251 ἀλλα
2022 2197 2323 2267 Δαμαντος

291 2287 322 2325 e
361 2270 535 2323 Suida
573 2272 632 2325 Ι)-
691 2266 810 2322 ἀλλ’
855 2269 1176 2341 ἀδάμαντος
1339 2276 1370 2323 6
1426 2268 1720 2340 αρμονίης]
1769 2270 2078 2337 sequuntur
2120 2269 2184 2322 in
2235 2271 2320 2324 ΕΡ

291 2340 701 2411 epigrammata
737 2357 772 2395 a.
807 2340 1152 2395 Mommseno
1181 2341 1295 2395 sch.
1328 2341 1509 2395 Germ.
1547 2360 1601 2411 p.
1632 2346 1663 2393 2
1702 2340 1980 2394 recensita.
2015 2340 2143 2411 (Εἰς
2177 2336 2321 2393 Πίν-

291 2414 469 2481 δαρον
525 2428 633 2466 om.
686 2412 742 2481 Ε)
915 2417 944 2465 7
961 2430 1040 2482 sq.
1101 2415 1138 2468 Ρ
1182 2430 1296 2466 non
1343 2412 1584 2481 contuli3
1626 2412 1689 2466 in
1728 2414 1765 2467 Ι)
1803 2412 2073 2482 pleraque
2108 2411 2162 2465 h.
2203 2412 2317 2464 sch.

292 2500 458 2537 exesa.
483 2486 502 2553 ΙΙ
530 2482 629 2537 cfr.
660 2482 1036 2553 Sibzungsber.
1078 2484 1129 2537 d.
1158 2484 1349 2552 bayer.
1379 2483 1483 2536 Ak.
1517 2488 1673 2550 1870,
1702 2482 1769 2551 ΙΙ,
1801 2488 1866 2536 ’19
1888 2500 2006 2551 sqq.
2120 2488 2149 2536 7
2191 2478 2315 2557 9²⁶⁹-

292 2554 432 2609 εἰσὶν
469 2553 633 2609 ἐννέα
664 2553 748 2610 ssv
854 2560 886 2607 9
923 2558 1162 2623 λυρικῶν
1195 2557 1305 2611 Fx-
1344 2558 1461 2623 λυρ.
1499 2564 1748 2623 ποιητῶν
1780 2553 1821 2610 ss
1878 2562 2127 2624 ποιητῶν
2158 2556 2189 2609 Ι)
2228 2557 2317 2624 (ex

291 2626 513 2709 GVrd‘?)
550 2627 571 2694 ΙΙ
611 2620 886 2694 Ἄλκαμδιν
927 2629 964 2681 Ι(
1110 2632 1173 2679 11
1213 2626 1363 2690 τινὲς
1398 2625 1461 2681 δὲ
1506 2626 1604 2680 καὶ
1649 2626 1751 2695 τὴν
1789 2625 2077 2692 Κόρινναν
2114 2625 2242 2679 add.
2285 2628 2316 2681 Ι)

289 2696 476 2751 nescio
513 2696 667 2750 unde
704 2697 871 2766 (τινὲς
907 2698 968 2752 δὲ
1006 2698 1152 2751 καὶ.
1230 2740 1241 2752 .
1275 2696 1500 2759 ῠτινὲς
1535 2696 1598 2751 δὲ
1634 2698 1733 2751 καὶ
1767 2697 1869 2766 τὴν
1897 2696 2157 2764 Κόρυνον
2185 2697 2313 2751 Vat.

292 2775 410 2835 121,
449 2768 570 2823 cod..
601 2768 774 2837 Angq
812 2767 910 2821 c.fr
941 2768 1167 2823 Tzetzes
1205 2769 1278 2822 ad
1305 2769 1436 2837 Lyc.
1466 2787 1521 2838 p.
1543 2774 1645 2822 252
1676 2768 1773 2838 M.)
1884 2775 1949 2822 12
1987 2770 2130 2837 Περὶ
2166 2771 2319 2836 λυρι-

289 2849 402 2895 κῶν
438 2848 706 2909 ποιητῶν.
780 2841 1017 2907 Λυρικοὶ
1060 2838 1290 2909 ποιηταί
1340 2840 1481 2895 εἰσιν
1521 2839 1685 2895 ἐννέα
1722 2856 1754 2891 ν
1900 2845 1966 2893 13
1988 2858 2067 2908 sq
2120 2840 2178 2893 in
2218 2839 2313 2895 (lb.

286 2910 567 2979 πινδάρου
614 2913 844 2979 λυρικοῢ
889 2910 1298 2979 ὀλυματιονῖκαι.
1376 2911 1567 2980 ἐπειδὴ
1605 2910 1829 2979 λυρικός
1864 2914 1938 2980 (p.
1972 2916 2035 2963 11
2075 2928 2122 2965 v.
2157 2916 2222 2965 15
2263 2913 2315 2979 Ι))

289 2984 498 3051 -περὶ
542 2990 658 3036 τῶν
702 2985 894 3037 ποδῶν
942 2984 1014 3052 (p.
1048 2987 1141 3047 13,
1172 2988 1236 3036 21
1271 2983 1519 3071 b);1:um
1561 2982 1797 3036 metrica.
1832 2983 2088 3037 Romana
2125 2983 2197 3051 (p.
2231 2986 2314 3050 15,

289 3060 354 3108 18
385 3057 506 3110 Ι)--
529 3050 751 3108 οἰκείαν
780 3051 1002 3125 ἰαμβοις
1027 3054 1124 3107 καὶ
1151 3055 1547 3125 χοριαμβοις-
1585 3080 1657 3107 w
1694 3099 1723 3107 -
1762 3081 1799 3107 υ
1836 3100 1867 3108 -
1904 3072 1941 3107 Ξ
1985 3072 2040 3123 p.
2064 3058 2149 3120 17,
2172 3057 2236 3106 18
2262 3054 2314 3121 b)

1088 3342 1517 3351 ——-————.
