2646 3882
961 176 1180 246 olymp.
1209 176 1289 231 VI
1329 182 1427 231 102
1443 209 1506 218 -
1523 182 1622 231 109
2177 178 2301 241 177

284 344 469 428 αὐτῷ·
527 341 634 405 ἐὰν
682 341 745 405 δὲ
790 343 886 405 ἐπὶ
929 353 1035 405 τοῦ
1076 338 1309 423 Ἰάμου,
1355 343 1444 405 ὅτι
1489 353 1594 424 τῆς
1640 353 1849 422 φωνῆς
1894 341 2154 418 ἀκούσας
2198 354 2304 406 τοῦ

280 427 647 505 ’Λπόλλωνος
708 431 1056 510 ἐπεζήτησεν
1115 431 1329 511 αὐτὸν,
1388 431 1529 493 ὥστε
1591 431 1692 494 καὶ
1745 425 1872 493 κατ’
1923 431 2069 508 ὄψιν
2123 433 2305 495 αὐτὸν

286 521 601 601 εὐτυχῆσαι
653 530 759 601 τῆς
794 519 953 602 ,θέας
1008 531 1113 582 τοῦ
1159 526 1326 582 θεοῦ.
1464 523 1518 581 d.
1565 521 1630 583 τὸ
1679 517 1741 582 δὲ
1787 518 2156 600 μετάλλασεν,
2201 520 2307 583 ἐὰν

286 612 559 690 λάβωμεν
614 607 746 671 ἀντὶ
797 619 903 672 τοῦ
949 608 1358 691 ἀνηρώτησεν,
1402 609 1636 691 ἀκύρως
1690 616 1902 671 κεῖται·
1961 616 2308 690 μεταλλῆσαι

232 722 259 764 5
287 700 398 780 γάρ
444 697 564 760 ἐστι
608 697 673 760 τὸ
720 699 932 777 ζητεῖν,
978 698 1057 773 ὡς
1103 697 1199 760 ἐπὶ
1242 708 1362 760 τῶν
1408 700 1718 778 μετάλλων.

426 791 549 849 106
573 809 619 848 e.
686 785 897 862 ἄλλως·
956 785 1340 868 μετάλλασέ
1393 785 1462 848 τέ
1505 810 1647 850 νινε
1704 787 1870 860 ἰδίως
1922 784 2192 868 κέχρηται
2236 798 2307 873 τῇ
2337 805 2458 862 nto

285 875 454 952 λέξει·
513 881 860 956 μεταλλῆσαι
902 877 1014 959 γάρ
1059 874 1179 938 ἐστι
1220 876 1287 938 τὸ
1335 878 1605 956 ζητῆσαι,
1660 874 1777 938 ἀπὸ
1833 885 1950 938 τῶν
1997 876 2308 955 μετάλλων.

284 975 403 1028 νῦν
452 963 514 1027 δὲ
561 959 655 1027 ἐπ’
688 965 934 1038 οὐδενὸς
979 967 1251 1028 τοιούτου
1295 963 1546 1045 τέταχεν,
1590 964 1734 1026 ἀλλὰ
1780 963 1910 1026 ἀντὶ
1944 975 2051 1026 τοῦ
2088 963 2308 1046 ἐφθέγ-

286 1057 425 1129 ξατο
460 1053 565 1117 καὶ
608 1060 886 1132 προσεῖπε
932 1054 1033 1116 καὶ
1080 1053 1263 1117 οἱονεὶ
1307 1053 1838 1134 ἐφιλοφρονήσατο.
1972 1056 2014 1113 f.
2061 1051 2209 1116 ἔνιοι
2246 1051 2309 1115 δὲ

204 1166 260 1208 10
290 1143 506 1216 οὕτως·
570 1142 695 1205 ἐπεὶ
754 1141 993 1222 ἀφανὴς
1050 1136 1128 1223 ἧν
1190 1140 1221 1203 ὅ
1270 1137 1573 1226 ,Ἀπόλλων
1636 1149 1714 1227 τῷ
1770 1137 1972 1228 Ἰάμφ,
2032 1142 2186 1229 μόνῃ
2247 1140 2312 1203 δὲ

287 1240 463 1316 φωνῇ
520 1237 837 1312 προσεῖπεν
892 1231 1104 1311 αὐτὸν,
1160 1229 1492 1312 ἐφθέγξατο
1547 1229 1655 1311 μὲν
1711 1229 1743 1293 ὅ
1784 1225 2111 1311 Ἀπόλλων,
2166 1229 2199 1293 ὁ
2247 1229 2311 1292 δὲ

270 1317 476 1400 Ἴαμος
534 1319 769 1401 ἐζήτησε
829 1320 932 1383 τὸν
985 1321 1404 1400 φθεγξάμενον
1458 1321 1546 1394 τίς
1601 1313 1695 1402 ἦν.
1845 1341 1900 1399 g.
1946 1320 2013 1382 τὸ
2069 1317 2132 1382 δὲ
2177 1319 2310 1400 ἑξῆς

287 1408 627 1490 λεγόμενον·
673 1405 1025 1490 ἐφθέγξατο·
1073 1409 1212 1492 ὄρσο
1259 1407 1439 1482 τέκος.
2037 1405 2042 1410 ’

424 1501 550 1559 107
572 1517 623 1559 a.
692 1497 857 1578 ὄρσο
902 1495 1183 1560 τέκνονι
1239 1497 1421 1579 ὅρμα,
1466 1497 1706 1577 τέκνον,
1758 1507 1864 1577 τῆς
1909 1496 2055 1577 ἐμῆς
2099 1508 2369 1577 φωνῆςΑ

206 1609 260 1650 15
289 1583 503 1648 ὀπίσω·
568 1587 991 1666 καθηγήσομαι
1054 1585 1162 1666 μὲν
1224 1585 1368 1669 ἐγὼ,
1431 1587 1507 1648 σὺ
1571 1583 1636 1648 δὲ
1691 1585 2011 1649 ἀκολούθει
2064 1587 2148 1661 εἰς
2202 1587 2312 1666 τὴν

292 1673 579 1755 ἐσομένην
623 1677 953 1756 πάγκοινον
997 1675 1213 1757 χώραν,
1257 1675 1370 1754 τὴν
1409 1670 1750 1756 Ὀλυμπίαν.

428 1767 552 1825 107
574 1765 628 1824 b.
695 1763 862 1846 ὄρσο
905 1761 1159 1826 τέκνον
1216 1764 1457 1846 δεῦροε
1516 1775 1699 1826 ταῦτα
1743 1764 1903 1848 παρὰ
1942 1759 2310 1837 ’Λπόλλωνος
2340 1783 2508 1839 anzo

288 1854 436 1934 πρὸς
466 1850 702 1932 Ἴαμον·
756 1851 861 1935 ἄγε
917 1853 992 1932 δὴ
1038 1851 1350 1933 ἀνίστασο,
1405 1860 1542 1932 παῖ,
1596 1851 1949 1933 ἀπέλθωμεν
1989 1847 2000 1935 1
2041 1853 2124 1926 εἰς
2169 1853 2278 1933 τὴν
2317 1871 2526 1927 acuto

290 1939 580 2023 ἐσομένην
624 1944 872 2024 ὕστερον
926 1945 1288 2006 πολύκοινον
1343 1941 1443 2005 καὶ
1486 1948 1847 2023 πολυπληθῆ
1892 1944 2113 2024 χώραν·
2166 1943 2316 2024 λέγει

210 2053 266 2094 20
293 2028 356 2093 δὲ
402 2032 512 2109 τὴν
552 2026 893 2111 Ὀλυμπίαν.
985 2030 1067 2105 ὡς
1114 2030 1177 2093 δὲ
1223 2031 1396 2112 θεὸς,
1449 2031 1550 2093 καὶ
1605 2032 1812 2112 μάντις
1862 2030 2112 2114 ἀκριβής
2157 2029 2314 2092 ἐστιν

291 2121 375 2193 εἰς
420 2120 490 2180 τὰ
538 2119 833 2198 μέλλοντα.
1613 2171 1620 2179 .

431 2212 554 2270 107
577 2230 625 2269 ο.
680 2210 1077 2290 πάγκοινον
1104 2208 1173 2283 ἐς
1202 2209 1457 2295 χώρανε
1485 2208 1699 2288 κοινὴν
1725 2209 1920 2290 χώραν
1948 2207 2058 2287 τὴν
2073 2204 2316 2285 ”HI-ada,
2342 2227 2374 2270 Α

294 2296 383 2357 ὅτι
436 2297 640 2359 πολλοὶ
694 2295 855 2371 ξένοι
906 2297 1088 2359 ἐκεῖσε
1136 2296 1385 2379 ἤρχοντο
1431 2298 1873 2379 ἀγωνισάμενοι.
2011 2296 2067 2355 d.
2113 2295 2319 2374 φήμας

294 2384 358 2447 δὲ
402 2384 674 2465 ὄπισθεν,
711 2380 844 2448 οἷον
879 2391 951 2472 τῇ
988 2398 1162 2471 φωνῇ
1200 2386 1580 2449 ἀκολουθῶν·
1618 2384 1700 2459 ὠς
1718 2382 1984 2465 Ὅμηρος
2021 2378 2112 2465 (Τ
2135 2378 2316 2467 131)·

214 2496 266 2536 25
294 2474 533 2556 χαλεποὶ
580 2472 643 2535 δὲ
690 2472 827 2536 θεοὶ
872 2476 1199 2552 φαίνεσθαι
1243 2475 1524 2557 ἐναργεῖς.
1599 2498 1678 2538 ιιι

431 2566 574 2625 108.
632 2564 872 2643 φάμας
906 2562 1241 2626 ὄπισθενε
1277 2574 1349 2649 τῇ
1386 2564 1496 2650 ἐμῇ
1535 2573 1712 2647 φωνῇ
1749 2560 2294 2625 ἐπικατακολούθει.
2322 2578 2534 2636 Βοοεο

284 2650 613 2734 Ὁμηρικῶς
660 2651 725 2713 δέ
771 2646 838 2736 (l.
878 2646 971 2735 l.)·
1018 2653 1258 2734 χαλεποὶ
1304 2652 1367 2715 δὲ
1411 2652 1550 2715 θεοὶ
1595 2653 1926 2731 φαίνεσθαι
1970 2647 2248 2729 ἐναργεῖς.

429 2746 555 2803 109
578 2762 630 2802 a.
695 2740 986 2822 πέτρανε
1032 2742 1136 2804 τὸν
1179 2742 1246 2804 ἐν
1290 2752 1362 2827 τῇ
1404 2736 1692 2825 Ὀλυμπία
1738 2738 1931 2818 λόφον
1977 2738 2181 2815 φησίν.
2243 2758 2321 2797 ιιε
2375 2755 2407 2798 Α

438 2920 465 2967 1
498 2910 718 2985 Ἰάμου]
758 2910 941 2982 γάμου
981 2915 1018 2968 Ε
1063 2910 1257 2983 Ἰάμου
1295 2914 1470 2967 αὐτοῦ
1510 2915 1548 2967 D
1698 2916 1730 2963 3
1769 2906 2143 2978 μετάλλασσεν
2180 2906 2217 2960 Ε

294 2992 328 3039 4
365 2985 494 3040 ἀντὶ
532 2986 599 3039 B:
651 2985 743 3040 ἐπὶ
786 2985 806 3053 ΙΙ
850 2984 974 3055 τοῦ]
1020 2994 1109 3040 τϊν
1147 2987 1184 3040 Ε
1229 2986 1247 3053 ΙΙ
1292 2983 1696 3054 ἀνηρώτη(σεν)
1738 2982 1778 3035 Β
1848 2977 2207 3046 ἀνηρώτηκεν
2247 2988 2274 3027 ι·
2307 2972 2328 3044 ΙΙ

294 3053 543 3125 ἀκαίρως
581 3055 674 3113 Du
820 3061 852 3109 5
890 3055 1004 3110 ἀπὸ
1046 3056 1129 3111 ab
1168 3056 1288 3125 (cfr.
1327 3057 1372 3111 Α
1407 3074 1462 3125 p.
1497 3059 1618 3121 176,
1642 3054 1734 3121 17)
1888 3054 1917 3101 7
1957 3051 2138 3115 ζητεῖν
2175 3044 2215 3099 ss

298 3132 361 3179 11
400 3136 705 3196 προσεῖπεν
743 3126 919 3181 αὐτὸν
956 3134 1118 3196 φωνῇ
1160 3130 1195 3182 Ε
1343 3132 1407 3180 13
1447 3125 1580 3195 ὄρσο
1617 3121 1784 3181 τέκος
1820 3136 1929 3172 om.
1960 3132 1991 3171 v
2019 3118 2038 3184 11
2063 3114 2262 3169 τέκνον
2290 3110 2332 3167 ss

441 3203 505 3252 17
546 3200 713 3267 δεῦρο
745 3200 810 3253 B:
850 3214 955 3251 om.
990 3200 1026 3252 D
1066 3202 1233 3266 δεῦρο
1269 3197 1585 3267 πάγκοινον
1616 3194 1674 3257 ἐς
1702 3192 1899 3262 χώραν
1931 3186 2019 3241 ΕΠ
2134 3188 2193 3235 18
2231 3182 2331 3233 ἀν-

299 3264 512 3340 ίστασο]
550 3268 763 3337 ἀνάστη
803 3264 846 3323 ὦ
888 3272 924 3323 D
983 3270 1001 3337 ΙΙ
1054 3268 1368 3339 πάγκοινον
1415 3284 1517 3337 pro
1555 3266 1591 3320 1.
1632 3277 1857 3333 praem.
1900 3256 1936 3311 ὓ
2111 3257 2175 3304 19
2215 3250 2334 3302 ἐσο-

298 3337 495 3411 μένην]
533 3340 639 3393 lac.
682 3343 718 3395 D
748 3343 768 3409 ΙΙ
794 3338 1109 3409 πάγκοινον
1148 3341 1188 3396 ss
1213 3342 1231 3410 ΙΙ
1258 3341 1447 3410 χώραν
1486 3356 1592 3392 om.
1637 3330 1844 3390 01)Εο
1987 3328 2056 3376 20
2094 3321 2191 3409 κρατὶ
2227 3335 2332 3372 0111·

300 3411 383 3464 Bv
493 3416 559 3464 25
599 3408 871 3479 φαίνεσθ’
985 3417 1051 3464 26
1092 3410 1295 3466 ὄπισθε
1336 3413 1375 3465 Β
1403 3413 1422 3480 ΙΙ
1459 3406 1779 3463 ἀκολούθει
1820 3399 1911 3453 OD
2021 3398 2087 3445 27
2131 3392 2336 3458 Ομηρι·

298 3488 409 3541 κῶς
444 3480 507 3534 δέ
546 3482 667 3537 Bss:
707 3483 805 3536 καὶ
829 3478 1069 3552 Ὅμηρος
1107 3483 1197 3538 Gn
1249 3479 1558 3551 Ὁμηρικῶς
1597 3480 1634 3533 Ε
1661 3478 1683 3545 ss
1722 3466 2045 3541 φαίνεσθαι
2078 3460 2208 3515 θεοὶ
2246 3457 2280 3508 Ε
2314 3452 2337 3521 ΙΙ

300 3550 668 3623 ἐναργ[γεῖςῗ]
708 3555 893 3623 (exea.)
926 3556 965 3608 Β
1004 3553 1251 3624 ἐναργῶς
1290 3556 1327 3607 Ι)

408 3648 579 3689 Senon.
606 3660 660 3690 nt
686 3650 947 3691 anumt
975 3652 1043 3692 od.
1071 3652 1455 3693 Brachmann.
1954 3625 2018 3671 12
