2646 3882
357 240 489 304 244
1249 236 1473 293 Scholia

156 424 366 482 800εο
502 410 658 468 308..
723 401 899 487 ἔξοχ’
931 405 1360 487 ἀνθρώπωνε
1397 404 1497 466 ἴνα
1531 405 1827 490 βεβαιώσῃ
1863 405 1927 465 τὸ
1964 402 2197 485 ἐξόχως,
2232 402 2377 465 έπά·

176 515 337 571 Βοεο
363 512 477 579 γει·
532 494 685 557 ἔνθα
737 496 849 577 γάρ
893 519 949 556 τι
992 494 1144 556 πολύ
1197 492 1318 555 ἐστι
1369 493 1471 555 καὶ
1524 493 1718 576 ῥοπὴν
1767 492 1881 575 ἔχει
1926 495 2204 575 μεγάλην,
2244 486 2345 576 Ιὼ

301 872 333 915 Α

359 584 458 647 καὶ
503 583 568 646 ἐν
614 584 835 670 Αἰγίνῃ
881 583 946 645 τὸ
992 592 1098 663 τῆς
1144 583 1508 662 φιλοξενίας,
1561 593 1734 645 τοῦτο
1780 580 1938 669 ὀρθῇ
1985 582 2221 667 διανοίᾳ
2272 582 2378 649 καὶ

360 672 617 752 ἀσφαλεῖ
659 671 1012 755 κεκριμένως
1064 672 1252 733 εἰπεῖν
1307 671 1387 751 μὴ
1442 670 1553 747 ἔξω
1606 680 1711 733 τοῦ
1760 672 2190 753 προσήκοντος,
2246 666 2374 732 ἀλλ’

360 763 674 843 ευκαίρως,
721 761 1010 823 δύσκολόν
1056 759 1175 821 ἔστι
1219 759 1319 821 καὶ
1364 757 1669 833 δυσπαλές.
1734 770 2033 869 830800530
2438 782 2464 823 ⁶

493 853 651 913 30b.
725 844 899 931 ἔξοχ’
945 849 1376 930 ἀνθρώπωνε
1447 849 1601 911 ὅπου
1658 848 1771 931 γὰρ
1828 847 1908 909 ἂν
1966 838 2008 935 ᾗ
2066 849 2220 911 πολὺ
2276 848 2381 911 καὶ

357 945 650 1020 πολλαχοῦ
687 937 882 1021 ῥέπειν
921 939 1284 1019 δυνάμενον,
1328 937 1599 1020 δυσχερές
1634 937 1755 999 ἐστι
1788 937 1934 999 κατὰ
1971 937 2191 1019 τρόπον
2226 958 2378 1019 προ-

362 1039 594 1108 νοῆσαι.
683 1039 856 1090 τοῦτο
903 1025 968 1089 δέ
1012 1045 1219 1107 φησιν,
1267 1027 1355 1089 ὅτι
1390 1027 1691 1105 φιλόξενοι
1736 1024 1900 1100 οντες
1946 1026 2087 1108 μετὰ
2132 1028 2380 1108 κρίσεως

362 1117 788 1200 παραδέχονται
845 1118 984 1190 τοὺς
1043 1113 1542 1195 ἀφικνουμένους.
1696 1136 1743 1177 c.
1808 1114 2019 1189 αλλως·
2079 1116 2379 1198 γνωμικόν

364 1206 484 1269 έστι
536 1206 600 1269 τὸ
655 1206 999 1288 λεγόμενον,
1053 1206 1227 1267 τείνει
1280 1203 1347 1266 δὲ
1400 1206 1485 1279 εἰς
1538 1204 1642 1267 τὸν
1694 1204 1828 1287 περὶ
1880 1205 2216 1312 φιλοξενίας
2262 1214 2380 1266 τῶν
2408 1227 2464 1267 ιο

363 1297 703 1377 Λίγινητῶν
749 1294 942 1376 λόγον.
1034 1296 1306 1374 σημαίνει
1349 1291 1412 1354 δὲ
1448 1303 1645 1355 τοῦτο·
1694 1292 1798 1354 ἐὰν
1833 1293 1944 1375 γὰρ
1981 1282 2021 1379 ᾖ
2058 1292 2245 1355 πολλὰ
2279 1292 2383 1355 καὶ

363 1390 620 1469 πολλαχῆ
684 1381 881 1465 ῥέπειν
935 1384 1269 1463 δυνάμενον
1283 1428 1300 1462 ,
1364 1382 1496 1463 περὶ
1558 1392 1663 1444 τοῦ
1727 1384 1997 1445 τοιούτου
2051 1392 2382 1464 προνοῆσαι

365 1472 511 1535 κατὰ
555 1472 774 1553 τρόπον
819 1471 917 1533 καὶ
963 1472 1163 1534 οἰκονο
1209 1481 1351 1551 ῆσαι
1392 1471 1493 1533 καὶ
1536 1478 1915 1552 κατορθῶσαι
1952 1468 2222 1553 δυσχερὲς
2257 1477 2381 1544 τοῖς

364 1566 618 1634 πολλοῖς.
722 1557 834 1623 οὔκ
898 1561 1046 1623 εἰσιν
1105 1584 1218 1621 ουν
1275 1559 1473 1635 ἄξενοι
1532 1560 1595 1622 οἱ
1649 1560 1991 1641 Αἰγινῆται,
2059 1557 2199 1622 οὐδὲ
2259 1559 2380 1640 μκὴν

365 1648 557 1731 άνδρα
601 1648 848 1730 ἀκρίτως
893 1648 1338 1730 παραδέχονται,
1385 1646 1465 1722 ὥς
1510 1645 1550 1728 ἡ
1597 1649 1919 1733 Πηνελόπη
1966 1646 2029 1728 (υ
2072 1642 2252 1731 1232)·
2410 1670 2465 1711 15

587 1754 920 1837 ἐκπλήγδην
965 1752 1159 1836 ἕτερόν
1203 1778 1267 1837 γε
1310 1756 1419 1817 τίει
1462 1754 1735 1837 μερόπων
1781 1753 2122 1837 ἀνθρώπων

586 1845 839 1927 χείρονα,
882 1843 986 1906 τὸν
1032 1843 1097 1905 δέ
1139 1840 1189 1905 τ’
1233 1839 1454 1926 ἀρείον’
1496 1840 1803 1925 ἀτιμήσασ’
1845 1842 2191 1925 ἀποπέμπει.

457 1954 511 2013 d.
558 1954 806 2015 δύναται
850 1951 912 2014 τὸ
959 1952 1110 2014 πολὺ
1155 1951 1254 2014 και
1297 1957 1485 2037 πολλᾷ
1531 1949 1711 2033 ρέπον
1754 1951 1901 2013 κατὰ
1944 1962 2047 2014 τοῦ
2086 1951 2258 2034 ὄχλου
2293 1953 2379 2013 τί-

323 2124 328 2134 .
367 2047 615 2102 θεσθαι·
667 2030 812 2102 έν
775 2067 817 2128 ῃ
861 2041 1024 2103 πόλει
1068 2039 1222 2102 ἐστὶν
1270 2039 1463 2122 όχλος,
1509 2038 1574 2101 έν
1619 2041 1801 2127 ταύτῃ
1846 2041 1949 2102 τὸν
1994 2050 2380 2103 κατοικοῦντα

311 2592 343 2635 Α

367 2139 485 2192 τῶν
531 2129 952 2212 συμφερόντων
997 2153 1052 2191 τι
1095 2138 1310 2209 νοῆσαι
1354 2129 1605 2240 χαλεπόν
1649 2128 1830 2191 ἐστιν·
1882 2127 2051 2210 [ἀπὸ]
2096 2129 2376 2211 ἀκριβοῦς
2407 2153 2466 2192 20

367 2219 478 2302 γὰρ
526 2220 792 2292 διανοίας
838 2218 1007 2302 ἔργον
1053 2218 1171 2281 ἐστὶ
1215 2217 1474 2281 τουτέστι
1517 2227 1705 2280 τοῦτο.
1798 2219 1985 2292 οὕτως
2028 2217 2403 2298 έπλήθνναν

371 2311 434 2370 οῖ
472 2309 788 2390 Αἰγινῆται
833 2305 912 2382 ὡς
957 2305 1049 2386 μζ
1093 2308 1383 2389 μυριάδας
1438 2307 1679 2370 οἰκετῶν
1723 2307 2083 2388 κτήσασθαι,
2135 2307 2214 2380 ὥς
2260 2331 2381 2386 φη-

371 2416 466 2459 σιν
495 2391 887 2510 Ἀριστοτέλης
916 2391 1015 2478 (fr.
1047 2389 1306 2480 4723..)
1434 2418 1481 2458 e.
1518 2395 1757 2458 ἐπαινεῖ
1791 2393 1854 2458 δὲ
1889 2396 2031 2471 τοὺς
2057 2395 2382 2478 Αἰγινήτας

370 2485 458 2547 ότι
502 2487 726 2559 πάντας
771 2484 1071 2566 δεχόμενοι
1116 2483 1416 2566 ἐξαιρέτως
1461 2485 1599 2557 τους
1646 2483 1914 2566 ἀγαθοὺς
1959 2483 2211 2568 ἔχουσιν.

505 2578 588 2636 30
607 2577 648 2633 f.
714 2575 830 2653 ο,τι
873 2575 1026 2656 γάρε
1073 2574 1326 2646 πολλους
1363 2573 1568 2648 ξένους
1610 2575 2044 2656 παραγίνεσθαί
2075 2591 2260 2654 φησιν
2296 2574 2382 2648 εἰς
2412 2597 2468 2638 2⁶

370 2663 626 2744 Αἴγιναν
665 2661 765 2722 καὶ
803 2660 1073 2744 δυσχερὲς
1111 2659 1261 2740 ὁμοῦ
1297 2667 1532 2723 πολλῶν
1570 2661 1757 2724 ὄντων
1796 2665 2202 2744 διαγινώσκειν
2240 2663 2383 2736 τοὺς

372 2751 715 2832 Αἰγινήτας,
760 2751 1003 2831 χρηστὸς
1047 2751 1136 2824 τίς
1181 2749 1222 2830 ἢ
1264 2751 1354 2825 τίς
1400 2755 1652 2830 φαῦλος·
1706 2751 1807 2814 καὶ
1852 2752 2009 2832 ὅμως
2064 2743 2386 2824 τοσούτους

513 2945 578 2993 21
616 2939 817 2994 Athen.
849 2945 899 3007 6,
929 2941 1084 2994 272d
1143 3011 1148 3016 ἡ

516 3123 543 3170 1
581 3117 670 3188 τὸ]
698 3117 794 3171 καὶ
820 3117 883 3172 τὸ
910 3133 943 3172 ν
1069 3123 1100 3171 2
1139 3113 1318 3188 §oum
1348 3120 1405 3173 h:
1442 3117 1656 3187 τροπὴν
1683 3120 1701 3186 ΙΙ
1739 3118 1856 3190 ἔχοι
1884 3119 1920 3174 Ε
2036 3124 2070 3170 4
2106 3114 2390 3191 ἀσφαλείᾳ

375 3187 457 3243 ub
485 3192 504 3250 ΙΙ
531 3186 862 3278 κεκριμένως
881 3187 1044 3244 cte:
1075 3187 1459 3259 κεκρυμμένως
1482 3190 1524 3246 ss
1567 3187 1901 3280 κεχρημένος
1930 3191 2012 3244 BV
2046 3174 2387 3278 κεχρημένον

371 3258 524 3312 Beck
717 3257 800 3329 ἢΙΙ
828 3258 965 3333 <τι>
984 3261 1126 3314 πολὺ
1155 3260 1463 3314 Schroeder
1585 3264 1614 3312 7
1643 3257 1834 3350 ρέπειν
1862 3277 1992 3330 ego:
2032 3257 2209 3330 ῥέπει·
2240 3257 2276 3327 ἢ

377 3333 442 3382 10
479 3329 542 3383 δὲ
570 3331 608 3385 ν
638 3333 917 3400 (245,10);
948 3348 1052 3385 om.
1092 3334 1134 3386 A
1161 3334 1180 3401 ΙΙ
1208 3330 1527 3400 φιλοξενίας
1561 3333 1623 3387 V:
1663 3329 1849 3395 ξενίας
1884 3333 1926 3388 Α
2037 3336 2100 3384 11
2138 3328 2315 3385 πολλὰ
2341 3333 2388 3388 Α

373 3415 564 3468 prave:
602 3420 656 3455 τι
681 3403 823 3455 πολὺ
843 3403 881 3457 ν
1000 3408 1064 3455 13
1104 3404 1200 3456 καὶ
1227 3408 1583 3471 κατορθῶσαι
1613 3403 1652 3456 Β
1690 3404 1976 3471 (245‚13):
2015 3405 2315 3492 κατορθῶν
2342 3404 2389 3459 Α

385 3505 390 3510 -
482 3477 547 3524 15
585 3470 728 3540 ἅνδρ
730 3489 902 3527 onom.
924 3475 988 3540 V,
1015 3473 1080 3526 ft.
1100 3472 1289 3528 πάντα
1400 3480 1465 3529 16
1495 3475 1636 3543 γενι
1664 3473 1793 3528 τεΑ
1906 3477 1971 3526 17
2000 3469 2142 3526 δέτ’
2167 3470 2383 3541 ἀρείον’

374 3540 561 3597 Hom.:
593 3544 654 3598 δὲ
694 3541 881 3611 ἕτερον
907 3545 927 3612 ΙΙ
953 3513 1268 3612 ἀτιμάσασα
1378 3550 1443 3599 18
1480 3543 1654 3599 πολλὰ
1763 3549 1827 3596 19
1868 3541 2028 3615 ὄχλος
2056 3545 2117 3598 V:
2156 3542 2317 3607 πόλις
2342 3546 2389 3601 Α

482 3619 546 3668 21
583 3613 830 3668 τουτέστι
867 3617 1210 3684 corruptum3
1247 3615 1312 3670 ft.
1348 3623 1581 3686 ποιῆσαι
1723 3619 1790 3667 26
1828 3615 2137 3684 δυσχερῶς-ἰ’
