2646 3882
974 242 1193 329 Olymp.
1223 242 1353 295 ΧΠ]
1387 247 1614 297 82-97
2178 242 2306 307 377

376 431 422 473 ο.
470 410 559 471 ὅτι
604 407 668 471 δὲ
714 418 819 487 τῆς
863 408 1162 491 Γοργόνος
1198 408 1647 489 ἀποτμηθείσης
1691 408 1803 487 τὴν
1848 408 2118 487 κεφαλὴν
2161 408 2280 471 ὑπὸ
2312 426 2522 482 coeno

287 509 393 561 τοῦ
430 497 707 580 Περσέως
753 497 1020 578 ἀνεδόθη
1069 497 1101 559 ὅ
1137 498 1426 580 Πήγασος
1474 499 1676 577 ἵππος,
1718 497 1821 559 καὶ
1847 494 2127 571 “Ησίοδος
2173 522 2316 579 μαρ-

286 596 455 670 τυρεῖ
492 582 717 671 (theog.
750 580 932 667 280)-

499 703 605 773 τῆς
651 693 744 755 ὅτε
790 692 867 771 δὴ
915 692 1179 774 Περσεὺς
1223 692 1490 772 κεφαλὴν
1538 691 2086 774 ἀπεδειροτόμησεν,

232 807 257 847 5
501 781 739 863 ἐξέθορε
785 782 1079 865 Χρυσάωρ
1124 805 1185 843 τε
1232 780 1411 862 μέγας
1457 780 1558 843 καὶ
1603 782 1887 863 Πήγασος
1933 782 2129 855 ἵππος.

423 892 504 951 89
528 891 581 949 (1.
648 888 1026 968 ὀφιώδεοςτ
1072 889 1401 970 δράκοντας
1445 888 1557 971 γὰρ
1602 883 1716 970 εἶχε
1759 888 1866 963 τὰς
1909 891 2120 971 τρίχας.
2317 907 2528 963 coeno
2633 914 2635 977 ᾗ

425 982 526 1039 91.
586 975 661 1052 ὃς
698 978 919 1040 πολλὰ
955 979 1143 1039 πάθε
1180 981 1422 1051 ζεῦξαι
1457 976 1772 1040 ποθέωνε
1818 975 1884 1052 ὃς
1912 978 2097 1040 πολλὰ
2125 977 2313 1039 ἔπαθε
2341 996 2465 1052 eno

284 1071 603 1149 χαλινῶσαι
654 1067 754 1128 καὶ
810 1068 1002 1141 ζεῦξαι
1058 1066 1161 1129 τὸν
1216 1067 1508 1149 Πήγασον
1563 1066 1926 1148 βουλόμενος
1980 1066 2140 1149 παρὰ
2194 1074 2317 1141 τοῖς

285 1162 567 1239 κρουνοῖς
613 1166 719 1237 τῆς
765 1156 1068 1238 Πειρήνης
1114 1152 1179 1237 [ὅ
1232 1155 1355 1218 ἔστι
1399 1167 1468 1243 τῇ
1508 1152 1824 1241 Πειρήνῃ]
1917 1155 2048 1229 υἱὸς
2104 1154 2167 1217 δὲ
2213 1166 2317 1237 τῆς

202 1270 255 1311 10
286 1245 619 1324 Μεδούσης
668 1243 699 1306 ὁ
741 1245 1041 1327 Πήγασος.

424 1338 525 1395 94.
589 1333 657 1408 ἐξ
705 1331 999 1417 ὀνείρου
1054 1329 1111 1395 δ’
1154 1334 1409 1395 αὐτίκα
1465 1327 1551 1415 ἦν
1606 1334 1795 1415 ὕπαρ
1849 1358 1950 1395 και
2002 1333 2072 1394 τὰ
2128 1332 2290 1424 ἓξηςτ
2321 1351 2527 1407 8011εο

284 1432 459 1486 τοῦτο
516 1418 677 1485 εἶπεν
733 1421 814 1497 ὡς
866 1425 1227 1486 καθεύδοντι
1280 1424 1440 1510 αὐτῷ
1495 1432 1602 1505 τῆς
1652 1417 1915 1503 Ἀθηνᾶς
1969 1400 2318 1504 ἕνηνοχυίοῖς

284 1511 391 1574 τὸν
436 1511 706 1594 χαλινὸν,
764 1500 811 1598 ᾧ
858 1512 1049 1591 ἔμελλε
1103 1514 1448 1595 χαλινώσειν
1504 1511 1606 1574 τὸν
1651 1512 1957 1593 Πήγασον.
2006 1532 2076 1585 (95
2090 1531 2140 1586 Β)
2236 1511 2317 1591 μὴ

286 1601 572 1683 πρότερον
621 1599 684 1663 δε
730 1604 1073 1676 καταζεῦξαι
1126 1602 1267 1684 πρὶν
1314 1602 1760 1682 μαντεύσασθαι
1805 1602 1964 1687 αὐτῷ
2012 1601 2317 1664 Πολύιδον

204 1714 255 1755 15
286 1689 353 1752 τὸ
401 1690 707 1751 δύνασθαι
734 1736 925 1753 .....
972 1690 1076 1752 τὸν
1123 1689 1187 1752 δὲ
1231 1691 1472 1772 χαλινὸν
1527 1692 1684 1777 αὐτῷ
1730 1691 2085 1752 Ποσειδῶνα
2129 1712 2318 1773 παρα-

284 1784 462 1859 σχεῖν.
521 1796 618 1841 978
656 1800 730 1841 990
742 1797 772 1842 c

424 1869 525 1927 95.
599 1868 884 1946 φώνασε
949 1862 1006 1928 δ’
1058 1867 1325 1941 εὕδειςε
1389 1862 1528 1929 εἶπε
1575 1878 1921 1952 παραστᾶσα
1981 1861 2112 1929 κατ’
2167 1866 2312 1950 όναρ
2342 1886 2464 1943 neo

284 1956 447 2040 αυτῷ
500 1981 541 2035 η
596 1955 767 2030 θεός·
819 1967 1128 2037 κοιμᾶσαι,
1182 1951 1229 2018 ὦ
1274 1960 1548 2038 βασιλεῦ,
1609 1955 1674 2030 ὃς
1724 1959 1993 2040 κατάγεις
2038 1957 2101 2019 τὸ
2147 1955 2319 2039 γένος

285 2044 405 2106 ἀπὸ
451 2045 707 2121 Αἰόλου;
754 2056 912 2109 941'1118

202 2160 257 2200 20
426 2137 582 2196 979..
648 2133 769 2214 ἄγε
814 2136 1116 2216 φίλτρον
1164 2134 1355 2196 τόδετ
1410 2133 1514 2196 τὸν
1559 2135 1828 2216 χαλινὸν,
1885 2135 1975 2196 ὅτι
2028 2134 2213 2220 τούτῳ
2261 2135 2470 2209 osseo

287 2224 460 2285 ιπποι
505 2224 835 2286 πείθονται.
916 2223 1260 2305 πικρότερον
1307 2221 1372 2284 δὲ
1417 2233 1487 2307 τῇ
1535 2229 1853 2308 μεταφορᾷ.
1986 2224 2044 2284 b.
2090 2221 2194 2304 ἄγε
2241 2222 2316 2302 δὴ
2347 2242 2512 2298 aneo

286 2303 402 2374 ουν
468 2310 640 2393 δέχου
700 2323 912 2375 τουτον
971 2312 1074 2374 τὸν
1128 2311 1402 2394 χαλινὸν,
1455 2313 1522 2386 ὅς
1579 2311 1698 2373 ἔστι
1755 2318 1972 2392 πεῖσμα
2029 2312 2129 2374 καὶ
2188 2313 2319 2392 φίλ-

286 2425 431 2482 τρου
480 2402 665 2474 αἴτιος
722 2408 846 2475 τοῖς
901 2403 1135 2480 ιπποις,
1186 2400 1288 2463 καὶ
1334 2407 1413 2485 τῷ
1463 2401 1777 2481 δαμάζοντι
1822 2402 2187 2481 Ποσειδῶνι,
2239 2407 2320 2486 τῷ

286 2491 467 2572 πατρί
518 2509 659 2569 σου,
723 2493 900 2553 θύων
962 2501 1183 2573 ταῦρον
1247 2490 1476 2570 εὐθαλῆ
1529 2489 1630 2552 καὶ
1684 2488 1899 2573 μέγαν,
1954 2491 2141 2563 οὕτως
2195 2463 2320 2552 ἐπί-

206 2603 258 2644 25
289 2580 484 2653 δειξον
530 2579 729 2641 αὐτόν.

434 2774 462 2823 1
504 2767 595 2823 ὅτε
630 2785 664 2824 v
702 2771 862 2838 (corr.
901 2767 1074 2839 Beck)
1207 2774 1240 2820 4
1278 2768 1530 2838 κεφαλὴν
1555 2772 1643 2823 Πε
1647 2769 1809 2837 ρσευς
1846 2769 1985 2824 enh
2112 2776 2144 2823 5
2172 2734 2320 2838 Χρυ-

288 2841 427 2908 σάορ
469 2842 505 2896 Ε
554 2840 672 2930 (cfr.
711 2839 938 2894 Hesiod.
980 2839 1064 2893 ed.
1104 2839 1366 2893 Rzachl.
1404 2838 1463 2908 l.)
1682 2845 1713 2893 6
1761 2839 1854 2908 ὀφ.
1897 2839 2057 2908 δρακ.
2105 2840 2212 2911 γὰρ
2251 2843 2315 2896 Ι).

288 2913 383 2981 ὀφ.
414 2910 520 2980 γὰρ
549 2910 711 3002 δρακ.
746 2914 782 2967 Ε
828 2911 921 2980 ὀφ.
953 2911 1015 2964 δὲ
1053 2909 1215 2980 δρακ.
1246 2909 1353 2980 γὰρ
1316 2911 1573 3035 99))Ηο
1598 2912 1618 2979 ΙΙ
1655 2909 1974 2978 δρακοντας
2010 2927 2141 2982 ego:
2180 2915 2250 2979 ὃρ
2251 2932 2318 2965 α-

289 3002 488 3045 κοντος
605 2987 635 3035 7
671 2981 846 3045 αλλως
870 2981 1207 3050 11199111.Ηο
1447 2981 1562 3035 ἐστι
1586 2989 1654 3051 τῇ
1675 2980 1927 3072 Πειρήνῃ
1955 2999 2060 3036 om.
2086 2984 2169 3038 Ην
2197 2983 2316 3053 (cfr.

288 3058 451 3144 89a);
490 3053 693 3108 seclusi
822 3058 885 3105 11
924 3053 961 3105 1.
1003 3054 1067 3107 Β·
1108 3051 1164 3117 ἐξ
1166 2981 1427 3121 αόνείρου
1466 3052 1503 3109 G
1551 3051 1607 3117 ἐξ
1648 3050 1729 3106 ὀν.
1769 3048 1827 3105 δ’
1859 3051 2011 3122 υπαρ
2053 3056 2090 3109 D
2139 3054 2194 3118 ἐξ
2232 3051 2313 3108 ὀν.

288 3123 345 3181 δ’
380 3122 583 3180 αὐτίκα
623 3123 712 3181 ΕΠ
842 3128 923 3176 13
971 3115 1015 3197 ᾧ
1046 3125 1162 3178 BD:
1203 3121 1266 3186 ὃς
1302 3124 1340 3179 G
1396 3123 1471 3186 ὡς
1509 3123 1598 3179 ΕΟ.
1640 3125 1660 3192 ΙΙ
1704 3125 2012 3193 χαλινῶσαι
2048 3123 2183 3179 Gssb

291 3202 358 3250 15
397 3195 652 3252 δύνασθε
691 3196 754 3260 Ε·
790 3193 904 3248 fuit
928 3177 993 3248 st.
1021 3191 1076 3248 τί
1104 3195 1346 3250 δύναται
1371 3197 1391 3266 ΙΙ
1416 3193 1522 3248 lac.
1553 3194 1801 3249 indicavi
1827 3197 1846 3264 ΙΙ
1873 3194 1972 3251 τὸν
2000 3195 2062 3248 δὲ
2095 3193 2314 3251 Bona:

287 3268 387 3324 τὸν
428 3270 464 3324 Ε
518 3266 685 3322 τόνδε
721 3265 821 3320 τὸν
857 3278 889 3320 v
917 3267 935 3334 ΙΙ
960 3267 1279 3322 Ποσειδῶνι
1319 3265 1576 3322 nGBeck
1626 3267 1925 3322 Ποσειδῶν
1964 3265 2005 3323 ss
2151 3270 2216 3319 17
2252 3264 2314 3336 1.]

291 3355 397 3393 om.
431 3341 515 3394 Bv
560 3335 711 3405 ὕπαρ
753 3337 893 3406 φών.
926 3333 980 3392 δ’
1002 3335 1182 3399 ευδεις
1219 3337 1304 3407 ss11
1335 3331 1454 3392 εἷπε
1485 3339 1544 3393 E:
1586 3333 1706 3393 εἷπε
1743 3336 1806 3393 δὲ
1836 3337 1877 3395 ss
1933 3331 2051 3392 εἶπε
2089 3335 2153 3390 δέ
2181 3353 2318 3405 φησι

293 3411 373 3464 Βν
410 3412 429 3479 ΙΙ
463 3415 820 3479 παραστῆσαι
859 3410 895 3464 Ε
1060 3413 1126 3462 18
1164 3413 1350 3500 κοιμᾷ
1375 3411 1406 3464 h
1461 3413 1632 3484 κοιμᾷ
1670 3409 1738 3463 συ
1777 3410 1809 3463 b
1847 3409 2067 3479 (ὑπνοῖς
2106 3407 2166 3476 G)

292 3485 359 3534 20
395 3431 769 3551 1.Ε(19(τόνδε
804 3482 886 3550 Ε)ε
926 3478 1151 3535 ιππειον
1188 3479 1251 3536 δὲ
1281 3463 1512 3549 φίλτρον
1544 3483 1583 3536 Β
1602 3464 1630 3551 ΙΙ
1656 3478 1887 3550 χαλινόν
1925 3496 2097 3548 φησιν
2130 3480 2211 3533 Βν

292 3557 356 3604 21
394 3551 697 3622 πικροτέρᾳ
732 3552 839 3622 γὰρ
880 3551 1105 3621 (1118011.
1137 3552 1253 3605 971)
1298 3550 1328 3604 ὁ
1369 3551 1430 3606 δὲ
1469 3559 1603 3614 νους
1638 3567 1848 3619 praem.
1893 3552 1975 3605 Βν
2119 3554 2187 3602 24
2225 3546 2316 3602 ου-

289 3642 480 3686 τως-
503 3629 569 3677 25
608 3623 783 3678 αὐτόν
820 3641 924 3678 om.
967 3626 1004 3679 D
1151 3629 1217 3676 25
1259 3623 1408 3694 αὐτῷ
1449 3624 1504 3676 et
1541 3620 1715 3676 αὐτόν
1754 3621 1795 3677 ss
