2646 3882
368 230 501 295 346
1263 231 1489 286 Scholia.
1594 283 1599 287 .

372 392 429 459 δ’
462 397 540 460 ἂν
584 398 798 472 οὕτως·
844 397 1091 480 χρυσέας
1136 396 1332 471 ἐλαίας
1373 397 1594 477 κόσμον
1633 417 1696 461 σε
1733 399 2052 479 δεξάμενον
2087 398 2399 477 κελαδήσω

371 488 513 561 τοὺς
534 481 988 569 Ἐπιζεφυρίους
1008 486 1286 567 Λοκροὺς
1314 488 1634 568 φροντίδος
1662 486 1844 561 ἀξιῶν
1871 487 1969 549 διὰ
1997 486 2076 549 σέ.
2125 506 2268 549 mue
2297 506 2398 561 150

208 594 371 650 Αυεο
510 580 667 639 142.
729 577 1021 657 κόσμον
1074 575 1418 657 ’ἁδυμελῆ
1463 578 1888 655 κελαδήσωε
1941 576 2244 656 κελαδήσω
2289 576 2400 637 τὸν

372 666 568 745 ὕμνον
613 683 723 728 σου
776 676 881 747 τῆς
936 666 1109 745 νίκης
1162 675 1280 726 τῶν
1318 660 1752 746 Ἐπιζεφυρίων
1797 672 2054 747 Λοκρῶν
2105 688 2222 746 (τρο
2231 666 2400 727 ντίδα

310 773 347 820 Α
374 755 730 835 ποιούμενος
776 754 877 816 καὶ
930 754 1193 834 μνήμην.
1326 756 1383 815 b.
1427 754 1582 833 ἔθνη
1637 753 1702 815 δὲ
1753 752 1810 835 γ’
1845 760 2125 835 Λοκρῶν·
2165 754 2400 835 Λοκροὶ
2455 776 2482 815 5

370 845 436 905 οἱ
469 838 871 925 Ἐπιζεφύριοι
924 844 989 905 οἱ
1034 842 1101 905 ἐν
1154 853 1225 929 τῇ
1264 836 1498 928 Ἰταλίᾳ·
1553 842 1784 923 Λοκροὶ
1823 836 2048 916 Ὀζόλαι
2101 844 2164 905 οἱ
2210 842 2278 904 ἐν
2321 852 2397 928 τῇ

371 933 656 994 Αἰτωλία·
718 932 942 1012 Λοκροὶ
995 932 1061 994 οἱ
1093 925 1534 1012 Ἐπικνημίδιοι
1588 933 1653 994 οί
1697 930 1763 993 ἐν
1809 942 1879 1018 τῇ
1925 931 2186 1016 Εὐβοίᾳ
2245 932 2398 993 ὅθεν

373 1022 528 1095 Αἴας
584 994 617 1082 6
666 1016 895 1095 Ὀιλέως
950 1020 1172 1103 ’ὑπῆρχε
1230 1020 1329 1083 καὶ
1384 1020 1493 1099 τὴν
1546 1020 1890 1100 ἐπωνυμίαν
1945 1020 2068 1102 ἔσχε
2123 1019 2232 1099 τὴν
2288 1030 2397 1082 τοῦ

174 1130 205 1173 Β
220 1128 420 1184 cuneo
448 1115 710 1190 Λοκροῦ.
846 1131 893 1171 ο.
940 1108 1081 1192 γένη
1138 1108 1201 1173 δὲ
1255 1109 1356 1171 καὶ
1405 1109 1560 1189 ἔθνη
1605 1119 1722 1171 τῶν
1767 1116 2024 1190 Λοκρῶν
2077 1110 2190 1171 εἰσι
2242 1109 2397 1188 τρία,

364 1192 789 1279 Ἐπιζεφύριοι,
829 1194 1073 1279 Ὀζόλαι,
1112 1194 1567 1279 Ἐπικνημίδιοι.
1649 1200 1874 1261 τούτων
1927 1199 1990 1259 οἱ
2029 1195 2137 1278 μὲν
2169 1193 2396 1270 Ἐπιζε-
2427 1221 2482 1261 ιο

374 1288 589 1369 φύριοί
638 1289 787 1349 εἰσιν
842 1286 908 1348 ἐν
961 1298 1031 1373 τῇ
1082 1282 1319 1372 Ἰταλίᾳ,
1377 1288 1441 1349 οἱ
1487 1285 1552 1348 δὲ
1601 1281 1825 1361 Ὀζόλαι
1877 1286 2025 1367 πρὸς
2079 1297 2148 1372 τῇ
2201 1288 2397 1349 Αἰτω-

306 1422 311 1425 -
370 1378 497 1462 λίᾳ,
562 1377 627 1437 οἱ
676 1370 733 1437 δ’
773 1371 1207 1456 Ἐπικνημίδιοι
1266 1376 1416 1457 πρὸς
1473 1385 1544 1462 τῇ
1609 1376 1874 1462 Εὐβοίᾳ,
1939 1375 2086 1437 ὅθεν
2147 1376 2300 1448 Αἴας
2361 1374 2396 1437 6

366 1459 613 1537 Ὀιλέως.
674 1488 725 1527 13
742 1483 863 1538 0εο

200 1572 207 1577 ’
316 1573 349 1616 Α
514 1557 595 1614 15
616 1574 669 1614 a.
734 1552 1027 1634 ἀλέγωνε
1082 1553 1309 1633 ὑμνῶν.
1372 1552 1472 1615 καὶ
1513 1547 1778 1627 Ἀλκαῖος
1831 1548 1930 1637 (fr.
1981 1556 2094 1629 583
2142 1556 2246 1615 sed
2289 1574 2397 1631 po·

374 1645 497 1704 tius
526 1644 714 1703 Alem-
747 1646 849 1719 23,
880 1636 976 1725 2)·
1023 1643 1135 1705 οὐκ
1170 1640 1282 1723 ἐγὼ
1311 1644 1520 1705 Λύκον
1557 1641 1626 1704 ἒν
1653 1644 1937 1716 Μούσαις
1967 1641 2167 1724 ἀλέγω.
2234 1642 2398 1720 παρὰ
2427 1665 2479 1705 15

372 1731 438 1793 τὸ
484 1730 709 1812 ἀλέγειν
754 1730 855 1792 καὶ
890 1732 1182 1812 φροντίδα
1216 1737 1429 1793 ποιεῖν.
1564 1733 1618 1793 b.
1669 1728 1700 1792 6
1740 1729 1803 1793 δὲ
1839 1731 2010 1813 λόγος
2047 1724 2250 1803 οὗτος·
2285 1732 2398 1809 τὴν

369 1814 801 1900 Ἐπιζεφυρίων
868 1819 1076 1902 γενεὰν
1136 1820 1346 1900 ὑμνῶν
1405 1820 1558 1882 ὅπου
1615 1821 2104 1901 ,συγκωμάζονται
2161 1819 2271 1899 μέν
2333 1838 2396 1881 σε

374 1908 733 1992 ἐγγυήσομαι
778 1908 1100 1989 ἀφίξεσθαι
1144 1910 1226 1983 εἰς
1272 1908 1520 1991 στρατὸν
1567 1909 1708 1990 μήτε
1753 1907 1966 1984 ἄξενον
2011 1910 2154 1990 μήτε
2199 1914 2398 1971 καλῶν

373 1997 486 2061 ἅπε
548 2022 636 2061 ον.
701 2021 752 2062 1⁹

284 2107 362 2162 εο
490 2023 595 2150 ιῗῑ)
616 2109 665 2149 ο.
730 2086 1023 2170 ἀλέγωντ
1067 2087 1134 2150 ἐν
1180 2088 1458 2169 φροντίδι
1503 2086 1663 2169 ἔχων.
1739 2086 2124 2168 μεμνημένος.
2207 2086 2396 2166 ἀνυμ-
2427 2111 2484 2151 20

376 2187 515 2239 νῶν.
579 2200 605 2240 8
622 2196 653 2238 ε

315 2285 348 2328 Α
512 2269 591 2328 16
614 2287 669 2328 a.
732 2265 911 2327 ἔνθα
948 2258 1462 2347 συγκωμάξατ’·
1499 2263 1961 2347 έγγυάσομαιε
1998 2264 2125 2326 ἐκεῖ
2153 2263 2218 2326 δὲ
2255 2282 2399 2346 συγ-

372 2356 701 2436 χορεύσατε,
765 2348 812 2416 ὦ
860 2358 1133 2417 Μοῦσαι·
1199 2352 1497 2436 ἐγγυῶμαι
1557 2353 1669 2436 γὰρ
1734 2353 1880 2432 ’ὑμῖν
1943 2355 2230 2433 μηδαμῶς
2295 2355 2400 2415 τὸν

518 2531 549 2579 5
590 2526 703 2580 ech.
734 2526 783 2578 A
821 2531 864 2579 Β
894 2531 997 2579 527

519 2692 545 2739 1
587 2703 647 2741 σε
684 2685 892 2755 κόσμον
928 2681 1229 2756 δεχόμενον
1267 2685 1306 2739 V
1505 2691 1536 2737 2
1571 2685 1824 2751 Λοκροὺς
1859 2704 1954 2753 φρ.
1994 2686 2048 2740 ἀ.
2090 2685 2152 2741 G:
2199 2683 2402 2754 λόγους

376 2777 473 2826 φρ.
511 2759 565 2812 ἀ.
596 2759 639 2812 Α
694 2776 788 2825 φρ.
828 2757 881 2810 ἀ.
912 2755 1166 2825 Λοκροὺς
1203 2754 1399 2812 uoto
1543 2761 1575 2809 3
1612 2755 1650 2809 1.
1680 2756 1719 2810 V
1755 2755 1984 2826 (κόσμον
2022 2773 2127 2812 om.
2170 2758 2256 2825 D):
2301 2760 2401 2810 Ζε-

375 2825 594 2898 φυρίων
631 2833 865 2897 Λοκρῶν
902 2829 945 2882 Α
1054 2831 1148 2882 8.4
1186 2825 1472 2894 κελαδήσω
1509 2827 1572 2881 δὲ
1608 2846 1654 2881 τ.
1693 2825 1902 2896 κόσμον
1936 2836 2036 2898 τῆς
2069 2848 2118 2884 ν.
2158 2844 2260 2881 σου
2289 2829 2328 2883 V

374 2907 408 2955 4
439 2896 614 2966 Ἐπιζ.
654 2916 760 2953 om.
792 2901 830 2954 V
974 2904 1006 2954 5
1042 2895 1395 2966 ποιουμένων
1433 2900 1470 2953 Ε
1623 2904 1655 2952 6
1695 2895 1936 2962 όζόλαιοι
1973 2897 2029 2953 οὶ
2071 2900 2091 2968 ΙΙ
2137 2897 2221 2969 έν]
2259 2899 2404 2966 πρὸς

375 2968 703 3037 Schroeder3
741 2970 880 3024 item
908 2974 937 3022 7
1050 2974 1079 3022 7
1108 2965 1350 3043 Αἰτωλίᾳ
1379 2970 1442 3023 V:
1467 2965 1673 3043 Ἰταλίᾳ
1701 2969 1743 3024 Α
1843 2975 1876 3024 8
1905 2968 1935 3024 6
1959 2965 2176 3033 Ὀιλέως
2208 2972 2266 3024 V:
2291 2966 2402 3024 Ὀι-

373 3041 508 3106 λέως
542 3045 632 3098 Αω
688 3040 718 3096 6
750 3037 931 3104 Ἰλέως
965 3042 1057 3095 ΑΡΟ
1176 3045 1207 3092 9
1246 3038 1308 3094 δὲ
1354 3041 1452 3094 καὶ
1497 3040 1638 3110 ἔθνη
1684 3049 1795 3095 τῶν
1834 3039 2051 3098 (2οΕοε
2100 3040 2205 3110 γὰρ
2247 3043 2329 3096 BV

378 3119 443 3167 10
482 3112 695 3182 οἰζήλαι
732 3115 769 3168 D
828 3111 1019 3177 ὀξόλαι
1058 3112 1095 3166 Ε
1274 3117 1341 3166 11
1389 3111 1530 3166 εἰσιν
1568 3111 1826 3181 G(D)Ess:
1875 3111 1981 3167 εἰσι
2016 3113 2224 3177 Λοκροὶ
2264 3114 2346 3167 Βν
2396 3113 2403 3183 Ι

352 3185 565 3249 ,ὀξύλαι
603 3186 640 3240 Ε
682 3187 702 3254 ΙΙ
744 3183 888 3253 πρὸς
920 3183 1013 3274 τῇ]
1052 3181 1113 3238 ἐν
1151 3182 1283 3252 G(D)
1444 3187 1510 3236 12
1551 3179 1769 3256 Εὐβοίᾳ
1808 3182 2016 3253 G(D)ssz
2055 3184 2118 3240 εὐ
2155 3181 2268 3237 οίδι
2307 3185 2349 3238 Β

485 3261 567 3310 12.
590 3260 656 3311 13
693 3254 836 3318 Αἴας
882 3252 911 3308 6
970 3256 1077 3309 Ιολ.
1116 3255 1153 3308 Ε
1206 3251 1353 3316 Αἴας
1381 3249 1509 3308 Ὀιλ.
1551 3253 1587 3309 G
1645 3252 1674 3308 6
1703 3252 1846 3315 Αἴας
1882 3252 1911 3308 6
1942 3250 2034 3309 Ἰλ.
2066 3256 2103 3309 D
2213 3252 2243 3308 6
2274 3251 2399 3308 Ἰολ.

372 3325 517 3390 Αἴας
555 3328 595 3381 Β
639 3325 723 3395 (ft.
762 3325 990 3396 rectius)
1172 3329 1238 3378 15
1275 3323 1560 3379 Λύκαισον
1607 3323 1666 3379 ἐν
1712 3333 1985 3393 καμοῦσιν
2019 3325 2258 3379 Alcman

377 3395 931 3522 1⁷1⁶vsstw⁹⁰zg⁰wm
968 3394 1029 3450 αἱ
1054 3399 1286 3450 Μοῦσαι
1322 3394 1634 3450 Mommsen
1671 3395 1851 3465 suppl.
1889 3413 1944 3465 p.
1977 3402 2104 3462 1533
2142 3395 2218 3450 id.
2258 3395 2404 3464 ὑμᾶς

374 3483 440 3522 VO
500 3489 537 3522 α

519 3545 584 3594 18
621 3537 994 3609 ἐγγυήσωμαιε
1032 3536 1344 3593 Mommsen
1378 3537 1515 3592 ibid.
1543 3540 1564 3607 ΙΙ
1591 3534 1990 3606 ἀφανίζεσθαιε
2027 3536 2103 3591 id.
2143 3536 2280 3591 ibid.

376 3615 444 3662 23
480 3611 638 3680 ἡμῖνε
679 3611 711 3664 b
2317 3611 2322 3614 ’

607 3467 673 3523 ὸν
710 3485 758 3521 v,
796 3467 989 3536 αὐτὴν-
1020 3465 1293 3520 excidisse
1337 3465 1408 3535 ej.
1447 3466 1640 3521 Potius
1678 3465 2052 3536 συγκωμάζετε
2089 3461 2132 3521 ὦ
2168 3471 2404 3520 Μοῦσαι
