2646 3882
964 238 1182 310 Olymp.
1210 237 1264 292 Π
1300 245 1449 294 96-
1464 246 1564 295 104
2189 241 2280 306 87

242 404 351 468 καὶ
402 403 857 486 ἀληθινῶτατον
907 404 1085 488 ἀνδρὶ
1138 404 1385 488 φέγγος,
1437 406 1493 468 εἰ
1544 405 1620 485 δή
1662 429 1752 480 τις
1805 407 1964 492 αὐτῷ
2007 407 2278 491 χρήσεται

244 496 337 569 εἰς
391 493 529 557 δέον
582 494 684 557 καὶ
737 494 850 558 οὔκ
902 494 989 569 εἰς
1041 493 1280 557 ἀδικίαν
1343 493 1800 575 κατατιθέμενος
1853 496 1963 575 τὴν
2017 498 2277 578 δύναμιν

246 584 469 664 αὐτοῦ,
521 582 669 645 ἀλλὰ
722 582 1090 647 τούναντίον·
1130 584 1215 658 είς
1270 585 1678 664 δικαιοσύνην.
1812 586 1869 646 b.
1910 579 2278 670 Ἀρίσταρχος

247 672 541 755 ἐξηγεῖται
584 673 796 746 οὕτως·
845 673 907 735 εἴ
940 696 1029 746 τις
1074 665 1200 735 οἶδε
1243 673 1308 736 τὸ
1357 671 1586 753 μέλλον,
1633 672 1722 735 ὅτι
1755 673 1978 752 ποινὴν
2011 675 2280 737 τίνουσιν

188 787 219 828 5
249 762 319 825 οἰ
355 760 423 824 έν
448 759 662 824 ’Ἅιδου
707 761 1255 844 παρανομήσαντες·
1316 759 1350 823 ὅ
1395 761 1507 844 γὰρ
1561 761 1733 844 λόγος
1786 760 1867 836 ὥς
1918 772 2037 823 τῶν
2081 763 2280 826 αὐτῶν

246 851 564 925 πλεονάκις
609 849 1026 931 ἀναβιούντων
1084 850 1185 912 καὶ
1229 848 1271 930 ἢ
1314 850 1537 912 ἐνθάδε
1580 847 1622 930 ἢ
1666 850 1766 912 καὶ
1809 849 1936 914 ἐκεῖ
1973 851 2142 926 δίκας
2188 853 2279 914 δι-

250 939 484 1003 δόντων
526 949 648 1001 τῶν
692 937 1141 1022 ἁμαρτημάτων.
1278 960 1327 1001 ο.
1374 938 1522 1002 ἔνιοι
1563 938 1627 1001 δὲ
1661 937 2061 1022 ἁπλούστερον
2095 939 2280 1003 ἀκού-

248 1047 389 1092 ουσι
441 1039 547 1092 τοῦ
603 1028 783 1111 λόγου
828 1029 1042 1103 οὕτως·
1097 1029 1153 1090 εἰ
1192 1027 1344 1110 ἔχων
1387 1052 1476 1102 τις
1519 1028 1625 1090 τὸν
1677 1033 1938 1092 πλοῦτον
1982 1023 2145 1092 οἶδεν
2191 1029 2281 1091 ὅτι

245 1117 321 1180 έν
379 1123 461 1202 τῷ
522 1117 747 1204 ’ὑστέρῳ
809 1117 1001 1204 χρόνῳ
1064 1118 1129 1180 οἱ
1180 1115 1591 1191 ἀποθανόντες
1651 1114 1796 1178 καθ’
1829 1115 2044 1180 ’Ἄιδου
2108 1118 2280 1192 δίκας

164 1232 219 1273 ιο
247 1207 538 1270 διδόασιν.

390 1299 517 1358 102
540 1297 594 1356 d.
660 1296 723 1358 εἰ
776 1293 849 1357 δέ
894 1318 1010 1357 νιν
1054 1294 1255 1377 ἔχωνς
1308 1296 1364 1357 εἰ
1417 1293 1483 1357 δέ
1536 1317 1624 1369 τις
1677 1305 1888 1358 τοῦτον
1943 1295 2090 1377 ἔχων
2143 1295 2248 1358 τὸν
2276 1315 2487 1372 aeneo

246 1389 512 1447 πλοῦτον
557 1381 668 1468 ὁρᾷ
712 1383 812 1446 καὶ
854 1383 1005 1466 πρὸς
1048 1383 1113 1446 τὸ
1161 1381 1400 1464 μέλλον,
1447 1383 1534 1446 ὅτι
1579 1393 1696 1446 τῶν
1742 1382 1968 1447 ἀδίκων
2013 1389 2278 1465 τελευτη-

248 1473 483 1536 σάντων
547 1472 651 1536 τὸν
722 1474 858 1554 βίον
920 1474 1168 1556 τιμωρία
1231 1472 1332 1534 καὶ
1391 1474 1583 1554 κρίσις
1635 1473 1795 1553 παρὰ
1849 1478 1972 1547 τοῖς
2035 1472 2276 1556 ἀποιχο·

249 1560 454 1643 μένοις
508 1563 689 1624 πᾶσίν
750 1560 937 1641 ἔστιν,
1002 1561 1113 1624 οὐκ
1176 1559 1254 1624 ἂν
1317 1561 1478 1647 αὐτῷ
1534 1562 1617 1636 εἰς
1679 1561 1918 1624 ἀδικίαν
1981 1563 2278 1647 ἐχρήσατο.

174 1676 223 1717 15
250 1675 331 1716 1⁰6
360 1671 393 1714 Β
435 1673 515 1714 1⁰⁵
542 1668 575 1714 c

390 1744 518 1802 104
539 1760 592 1801 a.
658 1740 765 1802 ὅτι
806 1738 1186 1803 θανόντων
1224 1737 1349 1820 μὲν
1387 1738 1496 1813 ἕως
1541 1738 1763 1826 ἐχθρᾷ
1799 1740 2011 1822 λόγον
2058 1742 2238 1824 φρά-
2273 1761 2484 1817 Bouto

252 1847 411 1902 σαις
457 1826 758 1913 ἀνάγκας
810 1827 1064 1910 ἐγκρίνει
1108 1827 1217 1907 τὴν
1275 1829 1738 1910 παλιγγενεσίαν.
1828 1829 1978 1910 λέγει
2032 1821 2170 1892 οὖν·
2228 1831 2290 1894 εἴ
2487 1841 2490 1844 ’

251 1941 341 1993 τις
388 1911 513 1981 οἶδε
559 1917 625 1980 τὸ
673 1915 903 1999 μέλλον,
950 1915 1041 1979 ὅτι
1086 1917 1150 1980 οἱ
1189 1914 1297 1997 μὲν
1344 1917 1409 1980 ἐν
1455 1922 1534 2003 τῷ
1572 1918 1680 1998 ζῆν
1715 1915 2171 2001 ἁμαρτάνοντες,
2215 1918 2284 1984 ἐν

233 2004 451 2070 Ἅιδου
495 2008 868 2087 κολάζονται,
922 2007 986 2069 οἱ
1025 2004 1089 2068 δὲ
1132 2006 1199 2068 ἐν
1226 2004 1471 2084 Ἅιδου,
1529 2006 1596 2069 ἐν
1641 2013 1722 2092 τῷ
1757 2004 2014 2094 ἡμετέρῳ
2059 2010 2171 2095 βίῳ
2216 2009 2283 2072 ἐν

176 2123 228 2162 ιο
254 2106 326 2182 τῇ
382 2106 491 2158 τοῦ
535 2096 682 2169 Διὸς
737 2094 911 2181 ἀρχῇ·
965 2097 1187 2174 ταύτην
1242 2095 1352 2176 γὰρ
1410 2089 1536 2156 εἶπε
1596 2095 1702 2157 τὸν
1754 2095 2148 2176 ὑποκείμενον
2203 2104 2284 2159 τῶ

255 2186 497 2271 οὐρανῷ
540 2184 749 2247 τόπον·
803 2184 906 2246 καὶ
948 2183 1054 2245 ἐάν
1097 2208 1186 2257 τις
1229 2183 1296 2245 έν
1341 2190 1469 2257 ταῖς
1513 2183 1702 2265 τρισὶν
1747 2181 2142 2266 ἀναβιώσεσιν
2187 2160 2283 2259 αἷς

254 2274 575 2353 ὑφίσταται
625 2272 1033 2354 ἀναμάρτητος
1097 2273 1181 2346 εἰς
1234 2271 1360 2354 τρὶς
1413 2270 1778 2353 ἑκατέρωθεν
1831 2270 2011 2358 μένῃ,
2073 2275 2284 2337 τοῦτόν

256 2380 448 2443 φησιν
494 2362 578 2436 εἰς
624 2361 729 2437 τὰς
770 2371 891 2424 τῶν
946 2362 1227 2443 μακάρων
1276 2361 1504 2441 νήσους
1548 2360 2016 2443 προπέμπεσθαι.
2107 2362 2171 2424 τὸ
2219 2362 2284 2425 δὲ

257 2451 393 2535 περὶ
446 2460 551 2530 τῆς
604 2452 1044 2536 παλιγγενεσίας
1098 2448 1474 2533 ἀρχαιότερόν
1525 2449 1670 2512 ἐστι·
1725 2448 2117 2532 παραδέδοται
2172 2451 2284 2535 γὰρ

180 2565 230 2606 25
257 2540 341 2602 ἔτι
387 2537 705 2619 ἀνέκαθεν,
750 2537 831 2615 ὥς
857 2536 1119 2622 ’Ὅμηρός
1163 2557 1352 2619 φησιν
1397 2533 1462 2624 (σ
1500 2532 1636 2622 79)·

546 2638 663 2691 νῦν
708 2626 816 2708 μὲν
862 2624 997 2709 μήτ’
1038 2628 1184 2709 εἴης,
1228 2630 1493 2711 βουγάιε,
1539 2628 1680 2709 μήτε
1723 2626 1939 2710 γένοιο.

404 2778 471 2827 23
508 2772 776 2842 Porphyr.
816 2772 891 2826 ad
927 2790 959 2827 σ
997 2778 1079 2827 79.
1127 2772 1282 2827 Eust.
1323 2773 1398 2828 ad
1435 2773 1536 2828 od.
1570 2779 1725 2842 1838,
1755 2778 1824 2829 40

406 2914 435 2962 1
476 2907 917 2977 ἀληθινώτατοςε
958 2908 989 2962 b
1017 2909 1037 2977 ΙΙ
1062 2907 1159 2979 δὴ]
1197 2908 1260 2961 δὲ
1297 2907 1435 2961 Red.
1464 2909 1484 2977 ΙΙ
1509 2906 1804 2979 χρήσηταιε
1842 2924 1946 2977 ego
2089 2912 2120 2961 5
2158 2910 2289 2978 post

257 2977 760 3049 παρανομήσαντες
785 2977 890 3032 lac.
920 2977 1123 3032 statuit
1153 2981 1184 3034 b
1211 2980 1231 3047 n
1259 2978 1334 3041 ὦς
1359 2986 1471 3033 τῶν
1501 2979 1559 3032 b:
1591 2978 1766 3033 ὀστῶν
1889 2984 1922 3031 6
1959 2979 2056 3033 καὶ
2082 2975 2118 3047 ἢ
2155 2995 2286 3050 ego:

260 3049 295 3121 ἢ
324 3050 424 3106 καὶ
451 3050 495 3105 Α
530 3050 629 3104 καὶ
654 3048 793 3103 Red.
913 3055 977 3104 10
1015 3048 1275 3105 διδόασιν
1305 3051 1364 3104 b:
1395 3046 1628 3104 δίδωσιν
1655 3050 1699 3105 Α
1754 3050 2028 3103 δώσουσιν
2059 3048 2290 3105 Schnei-

260 3122 361 3177 der
464 3127 528 3176 11
559 3140 653 3175 νιν
673 3120 737 3176 G:
757 3139 853 3189 μιν
879 3122 899 3190 ΙΙ
926 3118 1029 3182 ἕως
1053 3128 1153 3175 τοῦ
1183 3119 1407 3189 φράσας
1424 3119 1671 3195 ἀνάγκα·
1695 3118 1936 3190 ἐγκρίνει
1961 3121 2064 3190 τὴν
2091 3125 2290 3192 παλιγ-

260 3190 519 3263 γενεσίαν
556 3208 625 3245 ox
664 3198 728 3246 16
750 3207 829 3259 sq.
858 3193 988 3261 post
1023 3191 1054 3246 ἔ
1086 3211 1165 3245 ων
1200 3192 1309 3261 trp.
1341 3191 1378 3247 G
1527 3196 1592 3245 13
1628 3191 1729 3246 τὸν
1803 3189 1894 3247 lov
1931 3208 2036 3247 om.
2069 3194 2109 3247 Β
2137 3193 2219 3261 (in
2248 3193 2290 3250 ss

259 3264 325 3319 ft.
356 3262 489 3334 dol.)
566 3269 631 3318 14
659 3270 833 3316 πᾶσιν
861 3279 968 3316 om.
1000 3264 1038 3317 D
1107 3285 1124 3329 3
1152 3279 1226 3316 an
1252 3260 1460 3317 πάλινῖ
1563 3267 1644 3316 16.
1668 3267 1731 3316 17
1785 3264 1823 3335 .]
1853 3258 1974 3318 οἶδε
2002 3262 2064 3318 τὸ
2093 3262 2289 3333 μέλλον

263 3333 868 3405 Dssfltpecicoeessoetss
893 3336 977 3404 11)
1109 3338 1172 3387 17
1204 3328 1308 3388 οὖν
1339 3334 1454 3389 BE:
1493 3328 1598 3388 οὖν
1627 3330 1875 3391 &acon
2004 3340 2068 3389 19
2097 3335 2161 3390 ἐν
2187 3337 2286 3408 τῷ]

261 3406 359 3461 καὶ
388 3404 451 3461 ἐν
479 3410 556 3478 τῷ
578 3406 614 3460 Ε
688 3410 755 3458 21
783 3405 988 3476 τρισὶν]
1016 3411 1087 3474 γῆ
1108 3405 1144 3459 Ε
1170 3406 1189 3475 ΙΙ
1217 3400 1309 3467 αἶς
1329 3404 1392 3460 G:
1423 3404 1486 3460 έν
1513 3400 1606 3467 αἶς
1624 3406 1714 3459 ΒΕ
1761 3402 1829 3467 ἃς
1848 3405 1984 3462 Bssv
2074 3412 2142 3459 22
2170 3407 2290 3474 τρὶς

262 3476 397 3604 {fuit
420 3476 494 3547 γ’)
533 3474 885 3544 ἑκατέρωθεν
922 3474 1120 3545 scripsi
1158 3473 1276 3546 (cfr.
1312 3494 1369 3545 p.
1395 3481 1481 3543 88,
1500 3480 1581 3530 15.
1623 3480 1708 3543 93,
1729 3478 1840 3546 19);
1875 3476 1997 3546 τρὶς
2031 3478 2200 3546 (τρεῖς
2227 3478 2268 3534 ss

290 3546 578 3617 κατέρωθι
606 3550 644 3603 D
657 3548 698 3604 ss
750 3546 890 3617 τ(ἁς)
925 3554 1074 3615 τρεῖς
1110 3545 1461 3616 ἑκατέρωθεν
1500 3549 1540 3602 Β
1594 3553 1714 3617 γῆν·
1755 3546 2104 3615 ἑκατέρωθεν
2135 3549 2171 3603 Ε
2224 3565 2257 3600 τ

264 3618 529 3687 ἑκάτερον
568 3618 605 3674 G
744 3624 811 3671 24
846 3614 1228 3686 παραδίδοται
1262 3634 1295 3675 ν
1431 3623 1498 3673 26
1537 3617 1804 3690 βουγάιος
1840 3620 1880 3673 Β
1919 3634 2024 3673 om.
2066 3619 2102 3673 Ε
2137 3616 2286 3687 (lac.)
