2646 3882
935 232 1154 303 Olymp.
1185 232 1289 287 VH
1327 239 1623 288 124—132
2157 234 2285 298 227

249 398 520 481 Ὄχιμος,
566 398 910 481 Κέρκαφος,
952 394 1171 478 Ἀκτὶς,
1219 400 1579 479 Μακαρεὺς,
1623 400 1957 477 Κάνδαλος,
2006 400 2286 482 Τριόπης,

271 488 532 551 Φαέθων
563 486 595 549 ὁ
623 488 920 569 νεώτερος,
961 490 972 565 Ι
1011 486 1081 550 ὃν
1111 490 1174 551 οἷ
1195 488 1260 550 έν
1289 500 1359 575 τῇ
1387 490 1549 574 νήσῳ
1584 486 1939 567 ὀνομάζουσι
1970 490 2257 570 Τενάγην.
2285 505 2494 561 coeno

266 588 372 640 τοῦ
420 575 482 638 δὲ
529 578 852 657 Κερκάφου
897 576 1021 651 υἱοὶ
1067 578 1316 656 Λίνδος,
1358 572 1649 657 Ἰηλυσὸς,
1693 578 2020 659 Κάμειρος,
2066 580 2129 638 οἱ
2167 578 2283 639 ὑπὸ

266 665 576 747 Πινδάρου
623 664 1065 746 ὀνομαζόμενοι,
1111 666 1253 728 ὥστε
1300 666 1380 745 μὴ
1418 661 1570 728 εἶναι
1607 666 1823 739 αὐτοὺς
1858 666 2029 739 υἱοὺς
2058 664 2286 747 (Ηλίου,

213 778 238 817 5
265 750 392 817 ἀλλ’
423 756 695 828 υἱωνούς.
737 748 746 837 Ι
789 748 901 838 (d.)
942 754 1032 816 διὸ
1080 756 1185 816 καί
1226 778 1379 829 τινες
1422 757 1781 837 γράφουσιν·
1840 748 1933 815 ὧν
1988 750 2088 828 εἷς
2136 754 2259 835 μὲν
2286 772 2492 828 Bouto

267 846 628 925 Κάμειρον
673 845 1187 924 πρεσβύτατον·
1237 844 1380 905 ὥστε
1426 844 1528 905 τὸν
1574 844 1749 925 λόγον
1794 839 1948 905 εἶναι
1990 854 2282 905 τοιοῦτον·

265 930 371 1013 ἀφ’
416 926 531 1013 ὧν,
583 942 702 994 τῶν
739 928 947 995 (Ηλίου
1003 932 1145 994 ἔπτὰ
1198 934 1462 1011 παίδων,
1516 928 1617 1007 εἷς·
1644 931 1960 1013 Κέρκαφος
2013 932 2287 1015 ἐγέννησε

265 1023 406 1096 τοὺς
449 1020 898 1102 προκειμένους·
951 1022 1094 1083 ὥστε
1138 1022 1247 1101 τὴν
1293 1020 1409 1083 ἀπό
1456 1022 1745 1102 πρόθεσιν
1791 1021 2016 1095 ἔξωθεν
2062 1022 2286 1102 λαμβά-

267 1134 394 1173 νειν
441 1108 611 1190 ἡμᾶς.
685 1129 860 1185 13880

187 1222 238 1263 10
404 1204 528 1261 132
551 1221 602 1261 a.
668 1198 863 1260 τέκεν
910 1197 1104 1260 ἕπτάι
1150 1196 1359 1260 Ἱὶλίου
1403 1198 1504 1260 καὶ
1542 1196 1744 1277 Ῥόδης
1790 1192 1975 1282 (οὕτω
2018 1198 2131 1282 γὰρ
2178 1199 2343 1261 αὗ-Α

265 1288 377 1365 τὴν
415 1285 754 1362 Ἑλλάνικος
797 1281 996 1370 καλεῖ)
1043 1287 1184 1349 ἑπτὰ
1229 1289 1499 1369 γίνονται
1541 1289 1775 1360 παῖδες·
1818 1285 2087 1368 Ὄχιμος,
2131 1286 2284 1369 Κέρ-

264 1400 485 1456 καφος,
541 1376 754 1456 Ἀκτὶς,
809 1378 1132 1457 Μάκαρος,
1195 1378 1539 1455 Κάνδαλος,
1595 1377 1885 1458 Τριόπης,
1945 1375 2205 1437 Φαέθων
2251 1374 2283 1437 ὁ

264 1467 572 1547 νεώτερος,
631 1462 702 1528 ὃν
759 1468 822 1528 οἱ
872 1465 1017 1546 κατὰ
1071 1466 1181 1545 τὴν
1235 1477 1422 1546 νῆσον
1480 1466 1748 1547 Τενάγην
1801 1470 2060 1527 καλοῦσι.
2151 1464 2285 1546 περὶ

266 1554 329 1617 δὲ
375 1565 493 1617 τῶν
538 1553 844 1635 ὀνομάτων
889 1556 1086 1617 αὐτῶν
1128 1556 1523 1634 διαφωνοῦσι·
1569 1556 1782 1628 πάντες
1820 1552 1884 1615 δὲ
1920 1554 2064 1615 ἑπτά
2100 1572 2283 1633 φασιν

185 1666 236 1707 15
265 1644 496 1718 αὐτούς,

400 1735 601 1793 1321).
665 1730 866 1793 τέκεν
931 1731 1098 1793 ἑπτὰ
1153 1731 1525 1810 σοφώτατα
1580 1731 1926 1811 νοήματατ
1989 1731 2247 1793 τουτέστι
2283 1750 2489 1807 Bouto

263 1822 644 1901 σοφωτάτους
690 1820 1062 1903 γενομένους.
1107 1822 1116 1897 Ι
1157 1819 1190 1881 ὁ
1233 1821 1346 1902 γὰρ
1393 1820 1573 1902 λέγων
1618 1821 1705 1882 ὅτι
1741 1819 2139 1900 Δημοσθένης
2176 1821 2280 1902 ρή-
2308 1839 2469 1897 Boeo

263 1934 377 1993 τωρ
414 1909 638 1992 ἐγένετο
676 1910 984 1988 σοφώτατα
1027 1910 1294 1988 νοήματα
1332 1919 1450 1971 τῶν
1485 1909 1783 1991 προτέρων
1820 1909 2059 1993 ἀνδρῶν
2094 1932 2282 1992 παρα-

265 2002 600 2079 δεξάμενος,
647 2000 859 2079 μηνύει
905 1999 992 2060 ὅτι
1035 1999 1227 2080 ῥήτωρ
1273 1997 1508 2077 ἄριστος
1553 1998 1795 2080 ἐγένετο.

181 2112 235 2150 20
401 2092 524 2148 132
547 2109 594 2150 ο.
655 2088 1025 2162 σοφώτατα
1066 2088 1403 2165 νοήματαε
1442 2083 1569 2149 οἷον
1607 2089 2003 2166 σοφωτάτους.
2121 2089 2175 2148 d.
2214 2088 2275 2149 τὸ
2303 2107 2334 2150 Α

264 2175 328 2238 δὲ
391 2176 548 2254 ἑξῆς·
624 2175 784 2237 τέκεν
848 2175 990 2236 ἔπτὰ
1055 2177 1272 2249 παῖδας
1338 2174 1431 2237 ἐπὶ
1503 2186 1620 2236 τῶν
1680 2177 1979 2257 προτέρων
2044 2175 2280 2256 ἀνδρῶν

262 2263 777 2344 παραδεξαμένους
822 2263 1014 2343 σοφὸν
1057 2263 1266 2345 νόημα.
1307 2315 1312 2322 .
1405 2285 1451 2326 ο.
1498 2275 1615 2325 τῶν
1661 2264 1803 2326 ἑπτὰ
1844 2276 1959 2327 τῶν
2003 2287 2279 2347 προειρη-

264 2351 461 2433 μένων
507 2348 589 2426 εἶς
636 2350 668 2413 ὁ
707 2352 1020 2433 Κέρκαφος
1065 2353 1129 2414 ἐκ
1175 2354 1495 2429 Κυδίππης
1541 2363 1645 2433 τῆς
1681 2348 1916 2435 Ὀχίμου
1960 2365 2066 2416 τοῦ
2112 2354 2279 2416 ἀδελ-

262 2452 386 2520 φοῦ
451 2441 569 2504 ὑπὸ
635 2443 943 2520 Πινδάρου
1009 2443 1314 2523 ἱστορεῖται
1386 2441 1768 2521 πεποιηκέναι
1828 2449 1980 2525 τρεῖς
2042 2445 2279 2522 παῖδας,

404 2690 471 2739 22
517 2683 678 2738 Diod.
711 2689 761 2753 5,
781 2689 864 2738 57.
915 2683 1096 2740 Strab.
1130 2691 1212 2752 14,
1234 2691 1353 2740 654.
1403 2684 1482 2739 St.
1510 2685 1642 2752 Byz.
1672 2683 1895 2746 Λίνδος.

405 2905 432 2953 1
471 2897 770 2960 Κάνδαλος
805 2899 847 2952 Α
885 2897 1002 2967 (cfr.
1036 2901 1148 2968 12)=
1192 2896 1443 2966 Τενάγης
1479 2900 1517 2952 V
1660 2904 1692 2951 2
1731 2898 2026 2960 νεώτατοςε
2066 2915 2169 2969 ego

259 2976 290 3024 3
327 2969 443 3024 υἱοὶ
481 2987 586 3023 om.
625 2968 1003 3038 ν11Ἰηλυσσός
1041 2969 1134 3026 Dss
1181 2967 1415 3031 Ἠλυσός
1453 2971 1489 3024 Ε
1605 2975 1640 3024 4
1677 2971 1850 3023 αὐτοῦ
1891 2972 1927 3024 Ε
2044 2976 2075 3023 6
2114 2989 2277 3038 πρεσ-

258 3041 494 3112 βύτατος
528 3057 560 3095 ν
671 3047 700 3094 7
739 3042 873 3112 τῶν]
911 3050 1011 3094 τοῦ
1051 3042 1138 3096 GD
1168 3043 1186 3110 ΙΙ
1215 3039 1377 3165 ἑπτὰὲ
1416 3035 1563 3094 εἶναι
1602 3040 1739 3095 ἑπτὰ
1778 3040 1819 3097 ss
1930 3046 1995 3094 10
2017 3038 2213 3110 Ῥόδης
2241 3044 2277 3096 Ε

257 3115 331 3181 (p.
363 3118 482 3178 226,
505 3114 617 3181 22):
651 3109 848 3166 Ῥόδου
877 3113 919 3166 Α
1030 3117 1110 3166 10.
1136 3118 1198 3164 11
1239 3113 1345 3165 αὐτ
1380 3132 1437 3166 νε
1472 3116 1501 3165 b
1614 3118 1695 3166 12.
1716 3117 1781 3165 13
1824 3110 2089 3166 Φαέθων·
2129 3109 2207 3166 ὧν
2245 3111 2274 3166 ὁ

255 3185 528 3244 νεώτατος
563 3184 710 3238 οἰκεῖ
740 3181 886 3237 κατά
919 3182 1023 3251 τὴν
1069 3191 1242 3252 νῆσον
1285 3180 1359 3250 ἣν
1401 3181 1655 3252 Τενάγην
1692 3203 1740 3237 κ.
1780 3185 1846 3238 A:
1887 3199 2023 3236 corr.
2066 3187 2095 3236 b
2136 3200 2203 3237 ex
2237 3186 2276 3238 V

368 3260 434 3308 14
469 3255 532 3308 δὲ
563 3253 702 3308 ἑπτά
730 3269 858 3324 ego:
898 3252 1004 3326 γὰρ
1034 3255 1102 3320 Ατ,
1141 3253 1294 3326 (οὐ)
1323 3253 1531 3315 πάντες
1558 3254 1664 3322 γάρ
1698 3259 1727 3308 b
1836 3260 1902 3306 15
1933 3253 2146 3327 <τοὺς>
2177 3255 2275 3308 αὗ-

255 3325 388 3386 τούς
417 3328 447 3379 b
560 3331 626 3378 16
661 3323 817 3380 τέκεν
855 3341 961 3380 om,
1005 3327 1040 3380 D
1080 3323 1236 3380 τέκεν
1275 3324 1414 3379 ἑπτὰ
1452 3342 1557 3379 om.
1600 3328 1635 3380 G
1664 3328 1683 3395 ΙΙ
1708 3323 1962 3394 νοήματα
1999 3342 2103 3379 om.
2146 3324 2187 3381 ss

259 3401 323 3449 17
365 3397 683 3464 σοφώτατος
718 3395 1018 3466 γενόμενος
1056 3399 1092 3451 Ε
1230 3401 1310 3450 17.
1338 3401 1402 3450 18
1442 3393 1618 3466 ῤ’ήτωρ
1658 3413 1762 3450 om.
1806 3404 1841 3450 Ε
1987 3402 2052 3450 18
2092 3396 2275 3462 σοφώ-

253 3486 397 3520 τατα
423 3483 553 3536 egoz
590 3466 659 3520 τὰ
689 3467 847 3521 codd.
876 3467 948 3522 τὰ
976 3488 1026 3522 ν.
1066 3467 1451 3540 <σοφώτατα>
1493 3471 1523 3522 b
1648 3473 1716 3521 20
1754 3465 2129 3535 σοφωτέρουςε
2169 3481 2273 3534 ego

401 3543 465 3591 21
503 3537 689 3593 τέκονε
727 3555 831 3609 ego
977 3545 1043 3592 23
1082 3535 1162 3601 εἶς
1201 3543 1257 3592 h:
1296 3534 1364 3605 ἧς
1408 3545 1425 3608 ΙΙ
1469 3547 1569 3593 τοῦ
1608 3542 1719 3594 Am:
1758 3545 1855 3607 τῆς
1891 3540 1981 3592 ΑΡΟ
2035 3535 2069 3603 ἢ
2106 3543 2203 3602 τῆς
2240 3535 2270 3588 b

255 3609 322 3664 ol.
361 3609 510 3664 Plut.
549 3609 618 3664 de
653 3609 705 3663 fl.
748 3616 812 3664 19
840 3612 860 3680 ΙΙ
949 3616 1031 3664 23.
1051 3615 1119 3664 24
1156 3611 1406 3679 ἀδελφοῦ
1443 3610 1665 3680 scripsi:
1698 3607 1927 3678 Ἀλφεοῦ

1171 3715 1176 3718 “
1852 3695 1953 3750 15*
