2646 3882
376 215 508 281 334
1272 216 1498 282 Scholia

376 384 429 443 d.
477 382 703 463 μακρὸν
740 381 1035 445 ἔδίσκευσε
1073 382 1254 468 δίσκῳ
1291 384 1522 469 λιθίνῳ.
1590 384 1780 457 οὕτως
1817 384 1882 445 οἱ
1911 383 2156 465 ἀρχαῖοι.
2215 394 2409 463 μᾶκος

377 470 439 533 δὲ
479 471 723 553 μακρόν.
856 465 1020 556 (87.)
1065 472 1222 553 παρὰ
1258 471 1322 533 τὸ
1351 467 1672 553 Ὁμηρικόν
1709 466 1796 555 (T
1831 466 2010 556 131)·
2058 472 2202 553 χειρὶ
2238 496 2408 553 περι-

376 560 648 642 στρέψας.
713 580 819 635 too

182 667 347 723 80Εο
512 652 593 711 87
616 671 669 711 a.
715 649 877 731 χέρα
912 650 1309 723 κυκλώσαις
1346 647 1520 729 ὑπὲρ
1557 649 1915 713 ἁπάντωνε
1953 652 2199 730 πάντας,
2228 651 2406 729 φησὶ,

186 755 348 811 cneo
376 739 515 811 τοὺς
568 738 1005 821 ἀνταγωνιστὰς
1060 748 1127 799 τ’
1194 740 1344 824 βολῇ
1398 741 1734 820 παρελθών.
1886 742 1941 802 b.
1997 740 2061 800 τὸ
2119 738 2182 801 δὲ
2239 740 2405 821 χέρα
2465 764 2489 803 5

372 828 739 901 κυκλώσας
786 827 945 907 παρὰ
990 827 1055 889 τὸ
1106 827 1412 909 Ομηρικόν
1459 821 1536 910 (θ
1577 822 1760 912 189)·

610 917 713 979 τόν
760 918 833 998 ῥα
878 915 1274 997 περιστρέψας
1318 910 1425 995 ἧκε
1471 918 1752 997 στιβαρῆς
1797 916 1914 979 ἀπὸ
1960 917 2165 998 χειρός.

160 1021 371 1078 Bouto
464 1028 512 1068 ο.
558 1006 625 1067 τὸ
673 1004 735 1067 δὲ
781 1004 897 1066 καὶ
943 1006 1299 1086 συμμαχία
1341 1006 1697 1086 θόρυβον,
1741 1007 2002 1080 καὶτοῖς
2035 1017 2402 1086 παρεστῶσιν

183 1111 348 1167 Βῦεο
378 1095 583 1167 αὐτοῖς
629 1095 957 1175 συμμάχοις
1000 1094 1279 1173 ἔκπληξιν
1322 1094 1424 1156 καὶ
1469 1095 1720 1176 τάραχον
1756 1095 1986 1174 ἐκίνησε
2028 1096 2037 1178 Ι
2079 1096 2262 1176 μέγαν
2301 1096 2400 1157 διὰ

370 1184 441 1245 τὸ
482 1181 997 1265 ὑπερβεβλημένον
1052 1192 1157 1262 τῆς
1210 1186 1396 1264 βολῆς
1439 1190 1667 1264 θαῦμα.
1747 1185 1848 1246 καὶ
1901 1195 2074 1247 τοῦτο
2125 1184 2284 1265 παρὰ
2331 1186 2398 1247 τὸ
2432 1210 2484 1248 ιο

375 1275 679 1353 Ομηρικῡν
726 1267 802 1355 (θ
843 1266 1000 1355 190)
1166 1343 1313 1405 κατὰ
1360 1338 1418 1404 δ’
1459 1343 1714 1422 ἔπτηξαν
1757 1344 1893 1407 ποτὶ
1935 1346 2075 1429 γαίῃ

695 1434 955 1511 Φαίηκες
1003 1433 1425 1513 δολιχήρετμοι,
1471 1435 1850 1495 ναυσίκλυτοι
1894 1431 2125 1515 ἄνδρες.

221 1539 340 1595 8εο
506 1524 589 1583 88
612 1542 663 1584 a..
729 1522 842 1581 καὶ
900 1523 1259 1601 συμμαχία
1312 1521 1666 1603 θόρυβονε
1721 1521 1853 1584 ἀντὶ
1897 1532 2004 1585 τοῦ
2048 1522 2112 1583 τὸ
2159 1527 2398 1603 πλῆθος

142 1628 343 1684 (emto
373 1611 695 1690 θαυμάσαν
741 1608 1064 1690 ἀνεβόησεν
1101 1608 1197 1671 ἐπὶ
1233 1616 1312 1695 τῷ
1351 1620 1456 1690 τῆς
1489 1614 1672 1691 βολῆς
1708 1612 1897 1691 μήκει.
2029 1613 2085 1673 b.
2132 1608 2173 1691 ἢ
2209 1612 2395 1675 οὕτω·
2429 1634 2481 1674 15

366 1700 718 1780 παρεκίνησε
762 1698 861 1760 καὶ
907 1697 1176 1780 ἀνήγειρε
1221 1700 1287 1761 τὸ
1333 1709 1450 1761 τῶν
1496 1700 1817 1781 συμμάχων
1863 1704 2110 1779 πλῆθος.
2169 1711 2295 1775 sodo

314 1807 345 1849 Α
505 1791 586 1847 88
610 1809 656 1849 ο.
724 1783 1203 1869 [κυκλώσαιςε]
1259 1787 1391 1867 ἤτοι
1445 1788 1545 1849 διὰ
1599 1790 1664 1850 τὸ
1710 1790 2062 1870 προβάλλειν
2106 1790 2246 1863 τοὺς
2290 1788 2394 1851 ἅλ-

364 1881 507 1950 λους
552 1883 633 1962 τῷ
679 1877 861 1964 δίσκῳ
907 1878 1378 1960 διαταραχθῆναι
1417 1878 1502 1952 εἰς
1538 1878 1603 1939 τὸ
1640 1884 1878 1958 πλῆθος
1913 1876 2388 1958 ἀποθαυμάσαν-

364 1989 468 2040 τας
512 1966 611 2029 ἐπὶ
663 1973 743 2051 τῷ
796 1977 900 2046 τῆς
946 1970 1130 2048 βολῆς
1174 1968 1363 2047 μήκει.
1499 1969 1552 2029 d.
1601 1969 1955 2049 θόρυβονε
2009 1967 2280 2050 ἀνήγειρε
2328 1967 2394 2030 δὲ

364 2056 612 2134 νικήσας
656 2055 911 2136 ταραχὴν
958 2063 1081 2131 τοῖς
1127 2067 1441 2118 συνοῦσιν·
1497 2051 1764 2137 ἐβόησαν
1808 2057 1918 2139 γὰρ
1970 2058 2390 2136 θαυμάσαντες
2422 2081 2475 2119 20

364 2154 469 2224 τῆς
515 2148 697 2226 βολῆς
744 2145 806 2207 τὸ
854 2155 1060 2225 μῆκος.

305 2255 337 2299 Β
503 2237 605 2296 89.
672 2233 1103 2314 παρέθηξενε
1148 2233 1399 2312 ἐκίνησε.
1473 2235 1880 2316 παρώρμησεν.

303 2344 335 2388 Β
501 2327 583 2384 90
603 2344 655 2384 a.
728 2322 799 2383 ἐν
866 2317 923 2384 δ’
977 2321 1276 2403 ἕσπερον
1341 2322 1631 2401 ἔφλεξεν
1696 2324 2082 2396 εὐώπιδοςι
2155 2332 2261 2403 τῆς
2326 2321 2390 2385 δὲ

153 2432 365 2488 scoto
395 2411 685 2485 εὐώπιδος
731 2413 981 2491 σελήνης
1017 2413 1082 2474 τὸ
1118 2411 1325 2492 ἐρατὸν
1362 2412 1517 2490 φάος
1552 2411 1881 2492 κατέλαμψε
1924 2406 1932 2493 Ι
1973 2411 2082 2491 τὴν
2119 2411 2386 2493 ἑσπέραν.

507 2607 534 2654 1
574 2602 791 2671 μακρὸν
828 2619 933 2655 om.
966 2603 1006 2656 Β
1034 2603 1053 2670 n
1080 2598 1340 2669 ἠδίσκευε
1370 2601 1410 2656 ss
1466 2599 1712 2656 ἐδίσκευε
1739 2617 1770 2656 ν
1798 2604 1816 2670 ΙΙ
1843 2604 1958 2656 λιθ.
1998 2599 2169 2672 δίσκῳ
2209 2601 2299 2657 CD

363 2679 393 2725 2
434 2672 588 2739 παρὰ
626 2672 689 2727 δὲ
723 2674 787 2727 τὸ
817 2670 931 2742 Ὁμ.
973 2674 1013 2727 Β
1123 2677 1262 2724 2-4
1299 2670 1688 2741 περιστρέψας.
1744 2673 1880 2742 χέρα
1909 2674 2217 2736 κυκλώσαις
2242 2673 2384 2741 ὑπὲρ

360 2743 676 2814 ἁπάντωνι]
724 2742 1111 2812 περιστρέψας.
1153 2743 1189 2798 G
1244 2742 1620 2812 περιστρέψας
1726 2743 1862 2834 χέρα
1910 2744 2196 2805 κυκλώσας
2243 2744 2386 2800 DEss

361 2814 733 2883 περιστρέψας
760 2815 898 2885 φησὶ
924 2813 1059 2884 χέρα
1088 2816 1410 2878 κυκλώσαις.
1463 2815 1602 2881 ὑπὲρ
1632 2814 1924 2870 ἆπαντωνε
1957 2817 2039 2870 Βν
2111 2822 2146 2870 4
2175 2815 2317 2884 φασὶ
2349 2816 2384 2869 Ε

468 2891 500 2939 ὃ
538 2885 928 2956 ἀντιγονιστὰς
964 2888 1000 2941 Ε
1027 2888 1046 2955 ΙΙ
1073 2886 1135 2944 τὸ
1174 2887 1236 2941 δὲ
1273 2904 1380 2940 om.
1422 2886 1459 2942 G
1575 2892 1605 2939 7
1644 2885 1984 2956 περιτρέψας
2014 2888 2050 2941 Ε
2075 2889 2096 2970 l]
2123 2887 2234 2940 ὑπὸ
2275 2887 2310 2940 Ε

359 2963 391 3012 8
428 2958 491 3012 τὸ
529 2958 591 3011 δὲ
629 2975 734 3012 om.
768 2958 805 3014 0
833 2961 851 3026 ΙΙ
879 2957 975 3011 καὶ
1004 2957 1169 3029 (alt.)]
1207 2957 1337 3012 ἀντὶ
1362 2966 1463 3012 τοῦ
1490 2958 1589 3012 καὶ
1616 2973 1647 3012 ν
1687 2959 1749 3028 (Β
1785 2957 1901 3027 legi
1929 2960 2142 3026 neqmt,
2173 2957 2274 3010 sed
2290 2956 2385 3010 vix

357 3028 558 3083 habuit
594 3030 723 3084 ἀντὶ
757 3033 877 3098 τοῦ)
1032 3033 1063 3080 9
1100 3029 1349 3098 τάραχον
1389 3029 1592 3084 Bwfi:
1639 3029 1892 3101 ταραχὴν
1940 3029 2162 3085 Bwuv
2207 3032 2226 3097 ΙΙ
2272 3026 2384 3082 ἐκί-

358 3118 489 3169 νησε
529 3102 594 3155 B:
632 3097 857 3169 ἐποίησε
896 3099 1090 3155 CDEss
1201 3105 1267 3153 10
1302 3101 1424 3171 τῆς]
1463 3099 1562 3154 διὰ
1597 3107 1698 3169 τῆς
1737 3102 1772 3155 Ε
1897 3106 1962 3154 12
2001 3099 2234 3168 ἔστηξαν
2274 3101 2309 3154 Ε

361 3176 425 3228 13
466 3168 641 3240 φαίης
676 3190 737 3226 κε
768 3175 803 3226 Ε
830 3173 849 3239 ΙΙ
877 3169 1233 3239 νάυσικλητοὶ
1265 3173 1299 3226 Ε
1438 3177 1504 3224 14
1540 3171 1797 3243 θόρυβον
1835 3189 1939 3225 om.
1982 3171 2073 3227 ΕΠ
2099 3177 2118 3240 ἢ
2151 3171 2215 3225 τὸ
2243 3174 2382 3239 πλῆ-

355 3246 465 3304 θος
502 3245 567 3296 3:
604 3241 862 3308 πλήθους
901 3244 936 3297 Ε
976 3245 1197 3310 πλῆθος
1232 3241 1273 3297 (1
1420 3247 1486 3295 15
1525 3240 1752 3313 ἐβόησεν
1792 3243 1880 3300 ΕΟ
2025 3247 2092 3295 16
2129 3240 2384 3311 ἀνέγειρε

359 3313 446 3368 ΕΟ
473 3315 492 3380 ΙΙ
516 3313 580 3366 τὸ
619 3331 723 3367 om.
757 3315 794 3368 D
823 3315 843 3381 ΙΙ
868 3314 1112 3385 πλῆθος]
1150 3316 1362 3382 πληγῆς
1399 3316 1436 3368 D
1586 3319 1649 3367 17
1697 3313 1732 3366 l.
1772 3313 1974 3368 seclusi
2001 3316 2020 3382 ΙΙ
2043 3311 2382 3384 προβάλλειν

356 3384 424 3437 A:
464 3385 657 3455 προσβ.
696 3383 833 3438 Red.
872 3385 1065 3455 ὑπερβ.
1104 3388 1134 3439 b
1247 3390 1312 3438 18
1352 3385 1432 3447 εἰς
1469 3387 1816 3453 corruptum3
1855 3381 2008 3438 slus?
2047 3383 2380 3451 Schroeder;

356 3469 429 3506 an
467 3451 725 3523 ἐποίησεῖ
769 3457 787 3524 ΙΙ
833 3455 1100 3509 ἀποθ-
1124 3460 1188 3509 19
1228 3455 1389 3524 μήκει
1426 3455 1534 3509 del.
1576 3458 1608 3510 b
1753 3460 1818 3508 19
1857 3457 2016 3526 βοῆςε
2059 3457 2091 3509 b
2131 3458 2151 3526 ΙΙ
2189 3455 2379 3526 μήκει]

355 3543 433 3580 ..ει
469 3526 1219 3665 οζῧορτιένῗζῗέσηπξέέησέἔ
1236 3533 1392 3654 ὸ-Εἷι
1433 3534 1606 3596 μῆκος
1641 3525 1916 3580 delenda?
2037 3531 2107 3631 21⁶
2143 3527 2301 3596 βοῆςε
2344 3527 2378 3580 b

629 3637 639 3648 .
1068 3619 1103 3654 ν
