2646 3882
1011 260 1227 332 Olymp.
1258 261 1336 314 ΠΙ
1374 267 1598 316 35-41
2192 261 2314 325 117

288 428 433 490 ὥστε
470 427 587 489 ἀπὸ
624 437 752 507 τοῦ,
789 422 914 490 ἀλλ’
940 429 1013 490 ού
1050 428 1201 490 καλὰ
1239 427 1484 509 δένδρεα
1521 428 1790 507 ἔθαλλεν,
1825 426 1890 489 ἐκ
1924 438 2030 491 τοῦ
2058 451 2316 511 παρεπο-

289 516 473 598 μένου
518 517 629 596 τὴν
676 516 845 580 δόσιν
888 527 996 580 τοῦ
1044 519 1342 596 στεφάνου
1389 519 1738 597 δηλοῦσθαι.

428 609 527 666 37.
593 605 711 667 καὶ
767 607 1083 688 μεγάλων
1140 605 1444 668 ἀέθλωντ
1499 603 1540 686 ἢ
1587 605 1685 667 διὰ
1721 603 1832 684 τὴν
1877 614 1994 666 τῶν
2027 602 2309 668 ‘Enavo-
2339 622 2508 678 (2an

291 695 476 756 δικῶν
521 693 875 776 ἐπιμέλειαν,
918 691 961 774 ἢ
1007 695 1105 756 διὰ
1150 695 1261 774 τὴν
1306 697 1631 778 σύγκρισιν.
1695 717 1757 758 w
1772 712 1804 757 c

235 805 261 844 5
429 787 583 845 38a.
648 778 1140 867 πενταετηρίδ’
1190 783 1354 864 ἆμᾶε
1420 784 1586 856 ἰδίως
1649 782 1719 844 τὰ
1773 783 2062 861 κεφάλαια
2116 781 2376 856 έκθεὶςι

292 871 326 934 6
375 874 682 954 Πίνδαρος
741 873 805 935 τὸ
864 873 1011 935 κατὰ
1072 871 1246 956 μέρος
1305 871 1621 953 ἐπέξεισιν,
1680 872 1824 934 ὥστε
1879 865 2032 934 εἶναι
2075 871 2138 932 τὸ
2185 871 2320 951 ἑξῆς

292 971 399 1024 τοῦ
454 960 634 1044 λόγου
687 971 982 1025 τοιοῦτον·
1040 960 1157 1041 ἤδη
1212 961 1326 1044 γὰρ
1381 961 1540 1047 αὐτῷ
1586 962 2005 1043 πενταετηρίδα
2051 958 2321 1022 διαθέντι

291 1050 392 1112 καὶ
437 1052 696 1113 θύσαντι
738 1057 821 1136 τῷ
867 1050 1043 1132 πατρὶ
1088 1045 1166 1132 ἦν
1213 1049 1245 1112 6
1292 1060 1480 1162 χῶρος
1525 1048 1827 1131 ἄδενδρος.

429 1141 587 1200 381).
652 1139 772 1202 καὶ
825 1134 1313 1219 πενταετηρίδ’
1365 1138 1532 1219 ἆμᾶε
1595 1139 1776 1218 ἔθηκε
1832 1135 1896 1200 δὲ
1952 1136 2104 1218 ὁμοῦ
2159 1144 2280 1211 τοῖς
2320 1155 2530 1211 coeno

209 1248 264 1291 ιο
292 1227 623 1310 εἰρημένοις
666 1227 768 1290 καὶ
811 1228 1046 1310 χρόνον,
1089 1229 1542 1310 πενταετηρικὸν
1587 1227 1769 1290 αὐτὸν
1815 1221 1969 1289 εἶναι
2013 1228 2203 1302 τάξας.
2626 1241 2627 1244 ’

294 1339 340 1380 ο.
390 1319 629 1380 πάντων
676 1309 810 1397 οὖν,
855 1335 1025 1397 φησι,
1070 1315 1406 1399 γενομένων
1450 1326 1568 1380 τῶν
1614 1317 1880 1399 μεγάλων
1916 1314 2155 1395 αθλων,
2200 1320 2320 1378 λοι-

293 1406 410 1468 πὸν
456 1405 565 1485 τὴν
610 1403 802 1487 ἁγνὴν
838 1406 941 1469 καὶ
986 1405 1441 1487 ἀδωροδόκητον
1477 1407 1672 1488 κρίσιν
1710 1405 1914 1486 ἔθηκε,
1958 1405 2061 1467 τὸν
2098 1403 2320 1487 ἀγῶνα,

291 1494 439 1556 ὥστε
494 1495 593 1555 διὰ
647 1497 934 1557 τοσούτου
988 1499 1281 1557 τελεῖσθαι
1334 1495 1436 1557 καὶ
1488 1494 1553 1556 έν
1607 1495 1766 1557 τόπω
1820 1505 1891 1580 τῇ
1922 1491 2148 1556 ”Ηλ·ιδι
2203 1492 2331 1556 ἐκεῖ

289 1583 404 1666 γὰρ
451 1582 483 1645 6
525 1578 770 1663 Ἀλφεὸς
812 1583 1091 1663 ποταμός.
1163 1602 1262 1648 asc

212 1693 264 1734 15
430 1676 586 1735 3922.
652 1666 1084 1756 (κρημνοῖς.)
1127 1679 1257 1746 ταῖς
1302 1671 1532 1754 ὄχθαις.
2323 1681 2401 1734 Βεῑ

430 1766 511 1822 39
533 1764 588 1825 b.
665 1763 973 1844 κρημνους
1032 1757 1282 1842 Ἀλφεοῦ
1347 1762 1451 1836 τὰς
1516 1761 1700 1844 όχθας
1765 1761 1915 1845 λέγει
1976 1772 2080 1824 τοῦ
2144 1783 2318 1824 ποτα·
2347 1780 2378 1825 c

276 1861 425 1931 -μοῢ.
492 1874 543 1913 88
559 1868 591 1913 c

428 1944 530 2002 40.
596 1936 739 2002 ἀλλ’
782 1940 864 2003 ού
908 1941 1113 2003 καλάς
1167 1941 1232 2003 τὸ
1287 1939 1432 2003 ἄλλά
1486 1939 1620 2003 ἀντὶ
1673 1950 1778 2003 τοῦ
1827 1939 1910 2003 δέ.
1981 1939 2047 2001 ἐκ
2102 1937 2166 2002 δὲ
2211 1949 2316 2003 τοῦ
2347 1958 2515 2015 neno
2627 1962 2629 1999 ς

291 2028 709 2111 παρεπομένου
754 2028 865 2109 τὴν
911 2029 1079 2091 δόσιν
1123 2040 1231 2092 τοῦ
1278 2032 1573 2108 στεφάνου
1621 2030 1819 2109 δηλοῖ,
1869 2030 1958 2091 ὅτι
2004 2029 2180 2109 μήπω
2223 2023 2319 2110 ἦν.

210 2140 264 2180 20
428 2122 509 2179 41
534 2140 587 2179 a.
662 2118 735 2181 έν
800 2120 1101 2199 βάσσαις
1155 2119 1476 2199 Κρονίου
1532 2117 1884 2192 Πέλοποςε
1948 2118 2089 2179 τότε.
2172 2118 2379 2182 κατὰΑ

291 2218 399 2269 τοῦ
452 2209 721 2288 Κρονίου
774 2206 1047 2282 Πέλοπος
1100 2208 1345 2288 βήσσας.
1493 2209 1547 2267 b.
1591 2202 1961 2289 Ἀρίσταρχος
1975 2222 1987 2234 ·
2044 2215 2230 2287 χῶρος
2284 2204 2318 2267 6

290 2295 358 2357 ἐν
402 2296 669 2375 Κρονίου
723 2296 971 2376 βήσσαις
1019 2295 1303 2369 Πέλοπος.
1378 2296 1563 2375 λόφος
1618 2294 1683 2357 δέ
1728 2294 1883 2357 ἐστιν
1926 2295 1993 2356 ἐν
2031 2290 2320 2379 Ὀλυμπία

294 2382 327 2445 6
374 2386 735 2466 καλούμενος
775 2386 1050 2468 Κρόνιος.
1188 2406 1233 2447 ο.
1280 2383 1438 2459 τινὲς
1486 2383 1551 2446 δὲ
1588 2385 1852 2466 Κρονίου
1890 2382 2184 2462 Πέλοπος,
2231 2384 2319 2444 ὅτι

296 2472 549 2536 Πλουτὼ
588 2475 858 2556 θυγάτηρ
901 2474 1141 2556 Κρόνου
1178 2473 1425 2556 ἐγένετο,
1469 2499 1508 2560 η
1549 2472 1974 2555 συγκοιμηθεὶς
2019 2470 2052 2533 6
2094 2472 2316 2533 Τάντα-

211 2584 264 2624 25
293 2568 394 2635 λος
440 2562 562 2644 εσχε
608 2561 867 2624 Πέλοπα.

429 2654 588 2711 41d
657 2653 972 2734 Κρονίου
1012 2651 1365 2725 Πέλοποςτ
1411 2649 1542 2731 ήτοι
1589 2651 1675 2713 ὅτι
1721 2651 1838 2713 ἀπὸ
1879 2651 2114 2732 Κρόνου
2163 2644 2276 2732 εἶχε
2323 2673 2530 2729 aeneo

292 2740 357 2802 τὸ
404 2738 575 2822 γένος
622 2738 653 2802 ὅ
696 2739 933 2819 Πέλοψ·
983 2740 1235 2802 Πλουτὼ
1279 2742 1391 2823 γὰρ
1439 2742 1710 2854 θυγάτηρ
1751 2741 2006 2822 Κρόνου,
2053 2734 2126 2818 ἧς
2166 2740 2320 2801 Τάν-

292 2833 464 2902 ταλος
513 2827 544 2891 6
598 2829 791 2911 πατὴρ
838 2828 1124 2902 Πέλοπος.
1273 2852 1319 2890 e.
1369 2830 1468 2892 ἵνα
1524 2822 1636 2892 ουν
1689 2830 1826 2916 είπῃ
1884 2853 1972 2891 οτι
2027 2827 2195 2891 οὔπω
2241 2823 2320 2911 ην

294 2917 359 2979 τὸ
407 2928 513 2979 τοῦ
558 2920 800 2980 κοτίνου
847 2918 1039 2997 φυτὸν
1084 2918 1150 2979 έν
1196 2926 1326 2992 ταῖς
1371 2920 1623 2999 βήσσαις
1667 2919 1768 2980 καὶ
1811 2925 1936 2991 τοῖς
1976 2918 2178 2991 τόποις
2215 2928 2318 2980 τοῦ

212 3028 265 3068 zo
292 3006 567 3081 Πέλοπος
612 3016 718 3068 τοῦ
766 3008 1053 3088 Κρονίου·
1109 3018 1213 3087 τῆς
1258 3007 1730 3086 Πελοποννήσου
1773 3006 1884 3090 γὰρ
1930 3000 2008 3087 ἦν
2055 3004 2092 3085 ἡ
2131 2996 2319 3080 Ἦλις.

438 3218 465 3265 1
508 3213 674 3267 ἄλλου
793 3220 823 3267 3
862 3213 925 3285 1.]
964 3230 1071 3268 om.
1112 3213 1178 3269 0¹
1224 3212 1408 3283 ἁγνὰν
1445 3210 1628 3281 κρίσιν
1664 3213 1815 3268 Beck
1851 3216 2002 3268 recte
2119 3219 2152 3267 4
2191 3214 2319 3285 σύγ-

292 3305 359 3353 κρ
363 3302 475 3338 ισιν
510 3294 622 3338 τῶν
652 3284 831 3339 ἄλλων
861 3285 898 3341 G
1014 3291 1184 3338 1213
1221 3285 1321 3338 τὸν
1351 3286 1423 3354 ἀγ
1426 3292 1544 3338 ῶνα
1573 3282 1708 3340 ωστε
1737 3286 1798 3340 V:
1839 3284 1975 3341 ωστε
2002 3284 2098 3339 τὸν
2127 3286 2320 3355 ἀγῶνα

294 3356 373 3410 hh
522 3362 588 3410 14
619 3352 704 3410 Ἀλ
707 3355 844 3425 φεὸς
881 3357 1051 3413 Dflss:
1084 3352 1169 3410 Ἀλ
1172 3354 1375 3425 φε(ι)ός
1392 3305 1524 3411 γέστι
1562 3355 1650 3411 ΒΕ
1797 3362 1862 3410 18
1900 3357 1936 3410 l.
1977 3372 2081 3409 om.
2125 3359 2160 3412 Ε

293 3430 362 3481 20
400 3425 599 3497 βάσαις
636 3429 712 3497 (et
707 3378 890 3481 winfra
917 3427 1107 3519 βήσας,
1136 3426 1353 3499 βήσαις)
1382 3427 1425 3483 Α
1452 3428 1471 3496 ΙΙ
1497 3424 1620 3481 τότε
1649 3443 1753 3481 om.
1789 3430 1846 3495 b3
1883 3427 2034 3481 idem
2061 3428 2115 3481 h.
2148 3426 2314 3481 schol.

291 3500 444 3551 recte
484 3498 611 3551 dist.
751 3504 817 3552 22
848 3495 1013 3569 Ὀλυμ
1015 3497 1149 3572 πίῳε
1191 3501 1222 3554 b
1362 3504 1428 3553 24
1465 3496 1738 3567 Κρονίου;
1781 3501 1812 3555 h
1841 3498 1918 3591 1ιὸ
1997 3500 2135 3561 Ζεὺς
2171 3497 2319 3566 ἐγέν-

293 3586 425 3637 νησε
469 3568 783 3637 Τάνταλον,
830 3569 859 3623 ὁ
898 3571 1004 3641 δὲ)
1049 3552 1335 3633 Τάνταλος
1368 3570 1524 3625 Horn
1705 3576 1773 3625 28
1811 3590 1914 3626 ουν
1993 3569 2060 3623 el.
2104 3572 2133 3624 b

294 3645 359 3693 29
401 3638 597 3717 βήσαις
627 3642 708 3711 ΕῙΙ
743 3641 863 3712 καὶ]
901 3642 999 3695 καὶ
1035 3642 1095 3696 ἐν
1135 3644 1170 3697 Ε
1316 3648 1384 3697 30
1422 3642 1824 3711 Πελοπονήσου
1864 3639 1954 3696 Bc
