2646 3882
1115 225 1421 282 Pracfatio.
2217 225 2295 279 IX

261 395 554 471 scriptum
611 397 741 454 erat
792 397 1026 472 pumice
1074 395 1407 472 detergeret
1462 395 1523 453 et
1566 395 1631 452 in
1683 394 1870 452 litura
1911 389 2161 453 meliora
2204 414 2295 453 re-

262 484 564 544 scriberet.
614 517 698 525 —-
745 484 836 542 Ex
881 486 993 544 hoc
1047 483 1246 544 codice
1301 485 1399 542 vel
1456 484 1761 542 simillim0
1818 485 1942 543 eius
1999 483 2295 558 descripta

259 576 407 634 sunt
441 573 666 633 scholia
693 573 1180 633 Vratislaviensis
1209 574 1262 631 D
1304 564 1389 653 (h.
1426 592 1476 631 e.
1522 573 1740 631 tertiae
1772 575 1963 646 partis
2010 572 2226 632 codicis
2245 563 2399 624 Vnt-⁰

129 701 135 708 ·
259 664 627 740 Redigerani
670 655 1013 744 tripartiti),
1059 681 1236 739 quem
1287 660 1563 721 adhibuit
1606 661 1955 721 Boeckhius.
2048 660 2298 738 Signavi

259 743 485 826 Vrat.‘¹,
523 752 627 812 sed
662 770 798 811 raro
827 753 1024 810 attuli.
1061 781 1152 793 --
1188 750 1423 811 Codicis
1452 750 1501 820 Q
1532 751 1757 810 scholia
1790 750 2034 824 contuli,
2071 751 2296 827 glossas

261 841 386 899 fere
430 859 556 900 non
602 842 824 900 curavi.

391 929 646 988 Praeter
679 929 787 989 hos
823 930 1008 988 libros
1047 949 1084 988 a
1117 947 1214 988 me
1240 930 1497 1004 inspecti
1533 931 1594 987 et
1627 930 1853 1004 partim
1890 928 2097 987 collati
2132 931 2295 987 sunt:

396 1018 730 1078 Vaticanus
760 1021 840 1078 41
872 1019 1070 1078 bomb.
1107 1037 1256 1078 saec.
1286 1017 1445 1077 XIV.
1521 1016 1801 1077 Continet
1835 1019 2073 1094 praeter
2107 1018 2298 1076 vitam
2317 1020 2359 1074 Η

260 1106 516 1165 Pindari
559 1109 886 1166 recenfiore
921 1127 1104 1166 manu
1150 1109 1435 1184 scriptam
1473 1105 1755 1183 Olympia
1800 1109 1861 1166 et
1896 1106 2119 1182 Pythia
2163 1126 2297 1167 cum

261 1196 526 1271 scholiis,
565 1195 776 1256 deinde
809 1196 1052 1256 initium
1081 1196 1666 1258 Batrachomachiae.
1694 1227 1783 1238 —
1814 1194 2057 1255 Contuli
2090 1197 2297 1270 vitam,

261 1285 496 1345 scholia
533 1283 599 1345 O.
628 1283 660 1342 Ι
697 1287 758 1345 et
800 1288 1035 1362 partem
1072 1285 1144 1345 O.
1167 1286 1248 1360 II,
1295 1286 1417 1344 alia
1451 1286 1676 1361 passim
1710 1304 1819 1361 per
1854 1304 2056 1344 omnes
2095 1280 2298 1359 Olym-

261 1374 552 1450 pionicas,
597 1377 856 1434 maxime
893 1375 998 1434 ubi
1034 1375 1234 1434 deficit
1268 1374 1349 1450 B3
1394 1393 1534 1432 nam
1569 1375 1688 1432 fuit
1724 1393 1857 1434 cum
1894 1373 2192 1434 crederem
2229 1393 2298 1432 ex

257 1464 373 1523 hoc
421 1463 625 1523 codice
674 1463 1038 1543 Calliergum
1083 1463 1307 1524 scholia
1353 1463 1478 1521 cod.
1524 1463 1575 1521 B
1623 1463 2004 1538 supplevisse.

397 1552 582 1611 Laur.
614 1554 717 1628 32,
757 1555 840 1612 33
877 1553 1072 1612 bomb.
1112 1570 1260 1612 saec.
1289 1552 1449 1610 XIV.
1526 1549 1806 1611 Continet
1838 1553 2079 1627 praeter
2104 1552 2297 1610 multa
2317 1552 2354 1608 f

262 1643 386 1700 alia
417 1639 708 1717 Olympia
743 1644 806 1701 et
831 1642 1052 1718 Pythia
1079 1661 1214 1700 cum
1250 1641 1490 1701 scholiis
1520 1642 1581 1699 et
1608 1641 1834 1718 glossis,
1896 1639 2135 1699 Scholia
2172 1639 2239 1698 Ο.
2266 1638 2298 1697 Ι

261 1730 497 1808 perlegi
552 1733 612 1789 et
665 1732 890 1807 passim
945 1731 1196 1805 contuli,
1252 1730 1374 1788 alia
1427 1747 1646 1806 pauca,
1704 1730 1959 1788 maxime
2015 1747 2166 1805 quae
2222 1728 2298 1786 ad

263 1823 608 1896 temporum
652 1820 916 1880 rationes
961 1821 1282 1895 pertinent,
1329 1820 1554 1878 notavi.

399 1907 813 1987 Gottingensis
867 1908 1076 1986 philol.
1126 1910 1207 1968 29
1263 1907 1457 1968 bomb.
1519 1925 1667 1968 saec.
1715 1906 1878 1967 XHI.
1970 1905 2300 1983 Descripsit
2319 1910 2359 1967 6

263 1998 478 2075 Heyne
514 1990 575 2056 1⁸
608 2000 796 2074 praef.
841 2020 899 2076 p.
937 1998 1045 2075 L13
1091 1998 1425 2058 Boeckhius
1461 1997 1493 2056 Ι
1537 2018 1595 2075 p.
1633 1997 1823 2055 XVII.
1907 1995 2201 2056 Adhibuit
2235 1998 2300 2056 in

265 2089 508 2148 scholiis
544 2088 671 2146 iam
696 2088 906 2164 Heyne
935 2080 1068 2170 (cfr.
1104 2089 1287 2165 praef.
1326 2109 1385 2165 p.
1412 2087 1524 2146 XV
1544 2079 1677 2168 sq),
1712 2089 1923 2163 postea
1948 2086 2300 2160 Boeckhius,

263 2180 328 2236 in
372 2175 590 2254 primis
637 2178 852 2237 saltem
889 2176 1185 2253 Olympiis
1234 2168 1366 2257 (cst.
1413 2177 1599 2253 praef.
1637 2176 1752 2234 vol.
1790 2174 1871 2249 II,
1921 2179 1953 2233 1
2004 2196 2063 2252 p.
2081 2166 2183 2255 V).
2214 2206 2301 2215 —

267 2265 554 2326 Continet
599 2264 882 2344 Olympia
930 2257 1195 2346 (praeter
1240 2265 1306 2324 Ο.
1345 2266 1402 2339 Ι,
1450 2265 1608 2341 quod
1652 2283 1836 2323 manu
1880 2282 1993 2322 rec.
2032 2263 2303 2321 additum

268 2349 382 2437 est)
435 2358 498 2414 et
541 2354 767 2431 Pythia
821 2347 1035 2435 (usque
1081 2356 1158 2413 ad
1202 2354 1349 2429 XII,
1396 2355 1478 2413 38
1518 2353 1707 2431 vulg.;
1768 2371 1921 2427 quae
1964 2353 2195 2411 restant
2241 2353 2303 2410 et

265 2446 582 2520 praeterea
625 2444 701 2502 N.
739 2444 954 2502 I—III
999 2444 1153 2504 alius
1199 2444 1557 2503 recensionis
1606 2435 1800 2524 sunt);
1845 2444 1977 2501 tum
2012 2440 2302 2500 Nicandri

268 2533 562 2592 Theriaca
617 2535 678 2592 et
722 2533 1235 2610 Alexipharmaca.
1288 2565 1364 2573 —
1419 2530 1694 2592 Codicem
1748 2550 1869 2590 non
1920 2532 2119 2589 totum
2163 2549 2300 2590 con-

267 2622 385 2680 tuli
434 2612 625 2701 (quod
670 2641 825 2682 nunc
867 2614 1193 2703 paenitet);
1247 2621 1351 2681 sed
1395 2624 1634 2681 tantum
1678 2640 1992 2680 numerum
2035 2622 2300 2680 locorum

271 2712 538 2786 aliquam
605 2709 680 2769 ob
741 2729 980 2770 causam
1041 2711 1519 2769 memorabilium
1580 2712 1838 2785 inspexi,
1901 2712 1971 2767 ut
2030 2709 2300 2768 omnibus

271 2800 512 2859 scholiis
543 2798 778 2859 collatis
814 2820 933 2859 non
969 2802 1060 2859 ita
1095 2819 1381 2878 magnum
1415 2800 1676 2859 fructum
1712 2801 2141 2874 proventurum
2177 2816 2301 2857 esse

273 2908 520 2965 sperem.

401 2978 736 3037 Vaticanus
792 2980 874 3038 42
940 2978 1134 3038 bomb.
1201 2997 1351 3037 saec.
1405 2978 1563 3037 XIV.
1676 2976 1957 3037 Continet
2020 2973 2302 3053 Olympia
2320 2985 2359 3038 Κ

276 3058 542 3145 (praeter
577 3066 683 3142 IV,
716 3070 794 3125 17
816 3100 904 3108 —
922 3067 996 3141 V,
1030 3069 1065 3125 6
1087 3060 1278 3148 vulg.)
1318 3070 1381 3125 et
1405 3065 1763 3142 Pythiorum
1790 3069 2079 3142 quattuor
2104 3067 2301 3141 prima

278 3146 489 3233 (usque
519 3155 597 3214 ad
624 3154 729 3232 IV,
759 3156 886 3217 495
917 3148 1106 3237 vulg.)
1138 3175 1271 3215 cum
1297 3156 1753 3233 prolegomenis,
1782 3155 2040 3229 scholiis,
2069 3155 2298 3232 glossis,

277 3242 579 3392 gigantum
608 3264 821 3322 operae
857 3247 920 3304 in
958 3244 1110 3304 libro
1149 3245 1373 3304 nullius
1410 3246 1593 3321 pretii
1626 3244 2036 3321 impenderim,
2081 3244 2300 3302 referre

411 3336 486 3393 et.

403 3422 834 3483 Ambrosianus
873 3423 922 3481 Ε
956 3426 1080 3483 103
1121 3443 1246 3499 sup.
1284 3422 1479 3482 bomb.
1512 3442 1657 3483 saec.
1686 3421 2083 3481 XIH—XIV.
2152 3418 2299 3479 Con·
2326 3429 2365 3483 Ν

279 3513 427 3573 tinet
474 3511 758 3589 Olympia
812 3532 946 3572 cum
990 3513 1230 3573 scholiis
1277 3516 1339 3572 et
1392 3515 1527 3589 post
1579 3513 1724 3571 haec
1784 3510 2011 3570 scholia
2055 3510 2303 3568 metrica

285 3591 524 3679 (quibus
579 3602 814 3679 singula
869 3602 1132 3663 carmina
1187 3595 1417 3683 carent)
1467 3599 1535 3660 O.
1581 3599 1787 3658 Ι-ΧΙ
1843 3617 1977 3658 cum
2031 3597 2299 3673 prolego-
