2646 3882
938 193 1154 264 olymp.
1185 192 1290 248 VH
1328 198 1623 247 153—161
2162 193 2294 258 233

411 365 534 425 159
559 384 610 424 a..
683 370 931 441 ψᾶφος
984 360 1124 442 ἔχει
1177 360 1417 442 λόγονε
1479 358 1626 421 κατὰ
1678 358 1751 421 τὰ
1811 356 2068 440 Μέγαρα
2120 358 2265 433 ἔθος
2302 376 2512 433 Bouto

274 452 396 515 ἐστὶ
440 461 557 513 τῶν
602 450 950 530 νικηφόρων
996 449 1066 516 τὰ
1113 448 1374 529 ὀνόματα
1409 450 1608 521 λίθοις
1644 446 2118 529 ἕγκολάπτεσθαι.
2182 473 2303 527 φη-

276 541 374 604 σὶν
429 532 542 603 οὖν
596 540 685 601 ὅτι
736 538 835 601 καὶ
893 537 956 600 ἐν
1020 544 1143 611 τοῖς
1200 538 1509 619 Μεγάροις
1572 534 1611 616 ἡ
1669 538 1876 616 λιθίνη
1930 546 2142 617 ψῆφος
2196 536 2305 617 οὐχ

277 628 478 712 ἑτέρου
533 628 694 701 τινὸς
749 628 938 701 οὕτως
991 626 1492 709 ἑγκεκολαμμένον
1538 624 1704 705 φέρει
1758 624 1822 687 τὸ
1880 624 2067 706 ὄνομα
2112 624 2194 699 ὡς
2236 625 2301 687 τὸ

219 740 244 780 5
273 729 380 781 τοῦ
438 717 716 799 Διαγόρα.
862 719 917 777 b.
976 715 1042 778 τὸ
1103 722 1351 796 σημεῖον
1412 716 1500 777 ὅτι
1556 724 1773 795 ψῆφον
1841 715 2086 794 λιθίνην
2154 712 2305 795 λέγει
2332 731 2499 787 Bono

275 807 386 887 τὴν
435 807 654 886 στήλην
701 804 798 867 διὰ
847 804 910 867 τὸ
955 803 1241 886 περιέχειν
1277 804 1350 865 τὰ
1396 805 1771 884 ψηφίσματα.

413 898 608 961 1590.
675 886 722 955 ὦ
758 898 929 974 Ζεῦ,
973 894 1312 955 νώτοισιν
1352 887 1803 973 Ἀταβυρίουε
1850 889 1881 952 ὅ
1928 901 2076 965 νοῦς
2113 893 2303 966 οὕτως
2330 909 2497 966 Boeo

275 984 410 1067 ἔχει·
477 978 604 1045 ἀλλ’
645 976 690 1045 ὦ
752 986 870 1045 Ζεῦ
925 983 1104 1063 πάτερ
1158 992 1263 1045 τοῦ
1315 976 1665 1062 Ἀταβυρίου
1721 980 1900 1062 ὅρους
1955 983 2305 1061 βασιλεύων,

274 1073 341 1135 ἐν
386 1084 523 1159 τιμῇ
579 1072 669 1154 ἔχε
724 1071 829 1133 τὸν
874 1072 1068 1151 ὕμνον
1124 1071 1226 1133 τὸν
1273 1072 1357 1143 εἰς
1402 1070 1505 1132 τὸν
1547 1064 2009 1149 Ὀλυμπιονίκην
2054 1069 2155 1132 καὶ
2198 1070 2304 1132 τὸν

193 1185 248 1224 10
276 1160 468 1243 ἄνδρα
511 1160 614 1223 τὸν
659 1159 906 1242 εὑρόντα
949 1160 1050 1221 καὶ
1093 1159 1196 1221 τὸν
1240 1160 1611 1239 κτησάμενον
1655 1158 1765 1237 τὴν
1804 1157 2015 1239 ἀρετὴν
2062 1158 2159 1220 διὰ
2197 1169 2303 1239 τῆς

277 1250 343 1313 ἐν
407 1260 611 1335 πυγμῇ
674 1250 862 1329 νίκης.
1018 1250 1074 1308 d.
1137 1246 1353 1321 ἄλλως·
1421 1248 1757 1310 νώτοισιν
1818 1241 2506 1328 ἈταβυρίουεΒ(ο)Εο

277 1339 476 1401 ἐπάνω
511 1338 622 1421 γὰρ
653 1348 765 1407 ,τοῦ
804 1336 980 1419 ὄρους
1017 1337 1248 1418 wemno
1284 1335 1316 1398 ὁ
1353 1338 1523 1410 Ζεύς.
1653 1358 1702 1398 θ.
1739 1337 2031 1398 νώτοισι
2068 1334 2133 1398 δὲ
2169 1335 2299 1399 ἀντὶ
2334 1354 2503 1411 Boeo

277 1438 383 1490 τοῦ
428 1428 654 1490 νώτων.
787 1430 829 1487 f.
875 1425 986 1488 εἰσὶ
1034 1423 1095 1487 δὲ
1136 1431 1351 1507 χαλκαῖ
1386 1425 1522 1506 βόες
1567 1425 1633 1488 ἐν
1670 1424 1861 1511 αὐτῷ,
1907 1426 2124 1498 αἵτινες
2163 1425 2304 1487 ὅταν
2333 1442 2496 1498 Boeo

281 1516 457 1604 μέλλῃ
502 1515 727 1579 ἄτοπόν
772 1538 825 1575 τι
870 1514 1177 1596 γενέσθαι,
1222 1525 1541 1595 μυκῶνται.
1688 1537 1743 1595 g.
1790 1513 1911 1575 ἔστι
1955 1513 2019 1575 δὲ
2063 1514 2163 1575 καὶ
2206 1513 2273 1575 ἐν
2307 1531 2516 1588 Bouto

198 1630 250 1669 15
282 1608 523 1691 Σικελίᾳ
570 1605 706 1687 ὄρος
747 1599 1118 1685 Ἀταβύριον,
1164 1603 1245 1677 ὥς
1289 1622 1439 1683 φησι
1490 1604 1747 1683 Τίμαιος.

417 1698 546 1757 160
565 1716 622 1756 a.
680 1688 1130 1773 Ἀταβυρίουε
1185 1691 1321 1773 ὅρος
1368 1689 1592 1754 Ῥόδου.
1735 1693 1790 1751 b.
1837 1692 2046 1765 νώτοις
2093 1690 2156 1753 δὲ
2203 1691 2361 1753 ἀλ-Α

277 1785 456 1859 λάξας
511 1794 735 1845 πτῶσιν
790 1779 921 1843 ἀντὶ
973 1791 1079 1843 τοῦ
1134 1781 1356 1845 νώτων.
1448 1780 1513 1843 τὸ
1566 1782 1782 1853 πλάτος
1838 1778 1901 1842 δὲ
1955 1780 2133 1863 λέγει,
2186 1780 2303 1843 ἀπὸ

279 1883 384 1935 τοῦ
441 1873 734 1955 σώματος,
799 1868 880 1943 ὦς
932 1869 1122 1943 πόδας
1166 1866 1325 1949 Ἴδης
1381 1863 1583 1954 (Hom.
1620 1874 1671 1931 Β
1711 1866 1868 1950 824)
1926 1868 2025 1931 καὶ
2078 1870 2304 1950 κεφαλὴ

281 1962 477 2043 ὄρους.
614 1982 662 2022 ο.
712 1960 978 2039 Δίδυμος
1026 1958 1088 2020 δέ
1133 1976 1320 2037 φησιν
1367 1959 1433 2020 ἐν
1479 1960 1720 2044 Σικελία
1766 1954 1918 2020 εἶναι
1964 1958 2100 2040 ὅρος
2138 1953 2305 2021 'Aw-

197 2074 252 2114 20
281 2053 517 2132 βύριον,
573 2048 654 2123 ὥς
711 2048 955 2126 Τίμαιός
1011 2063 1185 2126 φησι·
1249 2053 1507 2109 καλεῖται
1570 2046 1634 2109 δὲ
1696 2047 1796 2109 καὶ
1860 2046 1893 2108 ὁ
1942 2042 2302 2130 Ἀταβύριος.

283 2139 394 2202 εἰσὶ
450 2137 514 2201 δὲ
568 2138 667 2200 καὶ
720 2136 856 2217 βόες
910 2141 1122 2217 χαλκοῖ
1165 2134 1262 2197 ἐπὶ
1315 2143 1396 2220 τῷ
1453 2134 1573 2217 ὄρει
1628 2146 1733 2215 τῆς
1769 2133 2003 2216 Ῥόδου,
2061 2139 2121 2198 οἳ
2164 2137 2305 2198 ὅταν

285 2227 462 2314 μέλλῃ
508 2252 564 2289 τι
606 2237 676 2312 τῇ
722 2224 887 2286 πόλει
929 2225 1204 2307 γίνεσθαι
1247 2225 1434 2286 κακὸν
1479 2234 1799 2305 μυκῶνται.

419 2319 541 2378 161
565 2337 618 2378 a..
684 2314 848 2392 τίμα
902 2311 1028 2393 μὲν
1094 2314 1357 2393 ὕμνους
1414 2323 1880 2395 περιφραστικῶς
1939 2313 2043 2375 τὸν
2108 2314 2360 2395 ὕμνονΑ

281 2405 384 2467 τὸν
423 2400 895 2487 Ὀλυμπιόνικον.
985 2400 1026 2482 ἢ
1071 2401 1173 2463 τὸν
1202 2401 1528 2484 Διαγόραν·
1578 2396 1751 2475 οὗτος
1796 2401 1908 2484 γὰρ
1954 2403 2137 2482 νόμος
2182 2402 2303 2486 ἐγέ-

199 2517 250 2557 25
281 2517 411 2556 νετο
456 2495 704 2574 νικήσας
747 2500 854 2552 τοῦ
900 2491 1115 2571 ὕμνου.
1206 2490 1437 2572 βέλτιον
1484 2489 1547 2552 δὲ
1582 2490 1647 2552 τὸ
1684 2491 1992 2573 πρότερον·
2040 2490 2304 2575 ἐπιφέρει

279 2585 390 2665 γάρ
405 2601 419 2614 ·
466 2582 659 2665 ἄνδρα
703 2602 762 2641 τε
807 2580 924 2654 πὺξ
971 2578 1182 2660 ἀρετὰν
1229 2579 1491 2661 εὑρόντα.

425 2735 652 2785 13—14
699 2732 924 2787 Tzetzes
963 2731 1103 2788 Chil.
1132 2733 1212 2787 IV
1249 2739 1512 2787 390—92
1553 2734 1641 2802 (π
1666 2731 1747 2787 IV
1786 2735 2037 2804 704—6):
2083 2730 2304 2789 Ῥόδιόν

283 2799 430 2856 ἐστιν
476 2800 607 2871 ὅρος
650 2804 754 2873 τὴν
799 2807 990 2873 κλῆσιν
1025 2800 1372 2876 Ἀταβύριον,
1417 2807 1627 2876 χαλκᾶς
1672 2804 1806 2872 πρὶν
1854 2804 1983 2876 ἔχον
2030 2802 2192 2875 βόας,
2243 2805 2304 2859 αἳ

281 2873 581 2943 μυκηθμὸν
637 2874 793 2940 ἐξέπε
877 2894 943 2929 ον
997 2875 1282 2947 χωρούσης
1330 2873 1502 2948 Ῥόδῳ
1558 2874 1781 3000 &dena
1864 2873 2154 2944 Πίνδαρος
2206 2879 2303 2931 καὶ

279 2940 633 3034 Καλλίμαχος
677 2947 722 3016 (P
733 2963 792 3000 sc
836 2988 846 2999 .
881 2951 1026 3000 1560
1071 2946 1312 3001 conferri
1350 2946 1518 3016 jubet
1616 2946 1781 3000 arder
1826 2946 1897 3000 de
1940 2945 2096 3001 histt.
2134 2946 2301 3002 fontt.

279 3032 332 3083 p.
362 3016 412 3084 7)
449 3035 657 3085 γραφει
691 3017 794 3086 τὴν
831 3015 1098 3086 ἱστορίαν.
1247 3023 1455 3072 14—15
1496 3015 1685 3087 Steph.
1724 3017 1855 3085 Byz.
1886 3014 2228 3090 Ἀταβύριον.

423 3162 451 3210 1
490 3157 564 3212 τὰ
591 3175 696 3212 om.
721 3161 757 3214 Ε
783 3161 804 3229 ΙΙ
828 3157 1119 3228 Μεγάραθ
1140 3161 1242 3226 5⁰¹³,
1271 3177 1379 3213 om.
1410 3159 1545 3223 ἔθος
1650 3164 1684 3211 4
1714 3158 2187 3230 ἐγκεκολ(λ)αμένη
2210 3163 2246 3216 D
2262 3160 2302 3216 ss

388 3233 420 3281 5
456 3229 716 3312 Διαγόρα
755 3230 962 3312 Βῖῦβε
1001 3249 1133 3322 -ροςυ
1166 3232 1241 3284 B‘?
1262 3231 1398 3322 ῠΕςΙΙ
1432 3231 1495 3284 τὸ
1534 3233 1599 3286 B:
1636 3230 1701 3319 tq
1739 3230 1801 3284 δὲ
1832 3230 2019 3301 00011
2048 3240 2276 3320 σημεῖρν

278 3307 664 3438 ;ι’;εῑ,”ιέῡ”α
741 3301 1049 3444 2152555
1073 3323 1119 3429 5
1142 3305 1249 3424 ²⁶5
1269 3301 2016 3444 5555535545355552'
2039 3303 2301 3443 ¹³15-

280 3439 519 3510 σάμενον
557 3457 680 3512 630,
719 3442 1048 3498 Schroeder:
1086 3441 1439 3513 ἡγησάμενον
1608 3450 1674 3498 11
1696 3461 1776 3512 sq.
1808 3440 2133 3514 Ἀταβύριον
2172 3443 2301 3511 ὅρος

276 3509 632 3600 ὑψηλότατον
653 3511 850 3568 Ῥόδου
879 3510 946 3569 οὗ
975 3515 1206 3570 ἄνωθεν
1234 3513 1459 3583 ἵδρυται
1499 3515 1635 3576 Ζεύς
1673 3515 1710 3570 θ
1845 3521 1909 3569 12
1949 3514 2011 3569 δὲ
2049 3529 2154 3566 om.
2188 3515 2225 3567 D

282 3589 346 3637 16
384 3581 704 3654 Αταβυρίον
815 3592 878 3639 22
918 3585 1076 3655 μέληε
1116 3589 1155 3641 V
1264 3592 1332 3640 25
1370 3585 1469 3641 τὸν
1505 3584 1707 3654 ὕμνονε
1747 3587 1780 3640 b
1900 3590 1967 3637 26
2006 3584 2209 3651 ἀρετᾶν
