2646 3882
351 238 476 303 198
1051 190 1058 195 α
1242 238 1466 293 Scholia

342 405 619 487 ἐχόμενος
686 404 749 467 δὲ
812 406 1038 467 τούτων
1102 403 1302 484 ἕστηκε
1346 406 1612 487 Δωριεὺς
1670 404 1924 485 ἀδελφὸς
1982 407 2211 487 πύκτης
2264 405 2366 467 καὶ

347 493 523 567 αὐτὸς
576 493 1065 575 προβεβλημένος.
1157 496 1347 575 τρίτος
1408 493 1471 556 δὲ
1526 489 1647 575 μετ’
1688 494 1915 556 ἐκεῖνον
1965 488 2365 573 Ἀκουσίλαος,

345 592 416 667 τῇ
453 580 562 662 μὲν
599 582 872 669 ἀριστερᾷ
908 585 1122 661 ἱμάντα
1157 583 1303 664 ἔχων
1340 584 1648 662 πυκτικὸν,
1687 583 1797 663 τὴν
1833 582 1897 646 δὲ
1936 584 2133 658 δεξιὰν
2170 583 2363 665 ὥσπερ

345 671 492 753 πρὸς
546 671 727 753 εὐχὴν
780 670 1116 733 ἀνατείνων.
1207 670 1308 733 καὶ
1364 665 1530 734 οὗτοι
1594 670 1701 752 μὲν
1757 673 1821 734 οἷ
1867 682 1973 735 τοῦ
2028 672 2363 753 νικηφόρου

159 778 322 835 nuto
350 762 555 833 παῖδες
614 760 680 822 ἐν
739 761 972 840 στήλαις
1032 762 1291 823 ἵστανται
1351 762 1463 823 σὺν
1516 766 1597 846 τῷ
1643 762 1847 843 πατρί’.
1888 761 1898 837 1
1940 755 2059 839 μετ’
2102 760 2367 835 ἐκείνους
2422 783 2450 825 5

345 847 408 911 δὲ
443 849 543 911 καὶ
579 848 924 931 θυγατέρων
961 849 1146 911 αὐτοῦ
1183 850 1503 931 νικηφόροι
1538 850 1662 912 υἱοὶ
1699 852 1831 929 δύο,
1866 848 2122 912 Εὕκλων
2158 860 2361 935 πυγμῇ

342 938 590 1016 νικήσας
634 936 856 1020 ἄνδρας
910 938 1009 1000 καὶ
1055 931 1174 1018 μετ’
1218 938 1445 1000 ἐκεῖνον
1493 940 1895 1020 Πεισίρροδος.
1987 938 2088 1000 καὶ
2143 937 2365 1021 λέγεται

342 1026 489 1096 κατὰ
533 1026 644 1106 τὴν
681 1021 1008 1107 Ὀλυμπίαν
1051 1028 1405 1106 νικήσαντας
1449 1028 1589 1100 τοὺς
1634 1029 1853 1100 παῖδας
1907 1028 2053 1089 κατὰ
2098 1027 2208 1107 τὴν
2254 1025 2365 1087 αὐ-

136 1134 345 1191 Βῦοεο
373 1114 484 1194 τὴν
527 1113 754 1198 ἡμέραν
801 1122 881 1201 τῷ
934 1118 1130 1197 πατρί,
1169 1119 1178 1193 Ι
1219 1116 1640 1199 περιβαλόντας
1689 1109 1857 1198 [οὖν]
1913 1116 2017 1178 τὸν
2062 1116 2365 1198 Διαγόραν

342 1203 628 1286 περιιέναι
691 1204 756 1266 τὸ
820 1206 1062 1267 στάδιον
1124 1203 1627 1286 μακαριζομένους
1692 1205 1809 1267 ὑπὸ
1872 1214 1991 1266 τῶν
2042 1202 2361 1283 Ἑλλήνων.
2393 1226 2449 1268 10

342 1294 532 1380 χρόνῳ
580 1291 642 1355 δὲ
688 1294 934 1375 ’ὕστερόν
987 1310 1135 1375 φασι
1191 1294 1291 1355 καὶ
1337 1294 1448 1372 τὴν
1501 1295 1716 1357 τούτου
1769 1293 2067 1375 θυγατέρα
2106 1288 2365 1376 Ἀριστο-

341 1382 622 1461 πάτειραν
680 1381 879 1444 ἐλθεῖν
940 1383 1023 1456 εἰς
1082 1382 1192 1462 τὴν
1244 1377 1574 1463 Ὀλυμπίαν
1632 1382 1732 1444 καὶ
1790 1384 1973 1444 αἰτεῖν
2032 1382 2191 1464 παρὰ
2246 1392 2365 1443 τῶν

336 1467 766 1533 Ἑλλανοδικῶν
818 1466 1127 1553 ἐπιτρέψαι
1188 1471 1298 1551 τὴν
1352 1470 1505 1533 θέαν
1560 1470 1735 1557 αὐτῇ·
1800 1472 1938 1545 τοὺς
1998 1469 2061 1534 δὲ
2116 1472 2367 1533 κωλύειν

343 1560 679 1636 φάσκοντας
733 1560 878 1621 κατὰ
931 1560 1119 1640 νόμον
1173 1567 1426 1642 γυναῖκα
1481 1559 1561 1640 μὴ
1609 1567 1861 1639 θεωρεῖν
1914 1560 2019 1622 τὸν
2073 1559 2365 1641 γυμνικὸν

345 1646 558 1728 ἀγῶνα.
658 1647 768 1727 τὴν
824 1646 888 1710 δὲ
943 1660 1131 1729 φῆσαι
1184 1650 1332 1731 πρὸς
1387 1648 1607 1722 αὐτοὺς
1672 1649 1784 1712 οὐκ
1839 1650 1977 1729 ἴσην
2032 1644 2184 1711 εἶναι
2236 1655 2447 1725 ταῖς15

343 1734 543 1809 ἄλλαις
587 1736 891 1818 γυναιξὶν,
945 1737 1097 1799 ἀλλὰ
1158 1738 1359 1820 φέρειν
1418 1736 1596 1799 πλέον
1654 1762 1739 1818 τι,
1796 1744 1927 1812 ταῖς
1984 1743 2366 1820 προγονικαῖς

344 1823 571 1906 ἀρεταῖς
631 1824 1108 1908 ἐπερειδομένην,
1167 1826 1266 1887 καὶ
1327 1828 1514 1901 δεῖξαι
1572 1828 1674 1899 τάς
1730 1850 1787 1889 τε
1841 1837 1947 1890 τοῦ
2004 1825 2221 1907 πατρὸς
2266 1825 2362 1886 καὶ

343 1923 460 1975 τῶν
506 1913 777 1994 ἀδελφῶν
832 1916 1068 1995 στήλας·
1123 1915 1222 1977 καὶ
1277 1916 1433 1978 οὕτω
1488 1914 1848 1996 νικηθέντας
1903 1916 2043 1990 τοὺς
2088 1910 2365 1991 Ἑλλανο-

345 2004 516 2077 δίκας
573 2003 927 2086 ἐπιχωρῆσαι
989 2006 1088 2067 καὶ
1153 2005 1485 2083 συνήθειαν
1547 2005 1739 2086 νόμου
1805 2008 2076 2068 διαλῦσαι
2137 2003 2237 2066 καὶ
2295 2013 2364 2088 τῇ

486 2217 630 2264 11-
649 2229 703 2280 p.
728 2216 846 2280 199,
867 2219 898 2264 2
927 2211 1126 2266 Aesch.
1158 2211 1319 2281 epist.
1343 2217 1393 2281 4,
1414 2218 1461 2266 5.
1502 2188 1627 2270 AeL
1642 2231 1693 2266 v.
1713 2213 1767 2266 h.
1794 2218 1877 2280 10,
1900 2219 1947 2267 1.
1987 2211 2113 2268 Val.
2143 2212 2291 2267 Max.
2314 2215 2364 2277 8,

349 2286 412 2334 15
442 2284 548 2336 ext.
571 2289 618 2335 4.
665 2281 895 2337 Ge11.N.
915 2283 980 2336 A.
1005 2289 1053 2350 3,
1078 2288 1142 2337 15

483 2486 510 2532 1
553 2477 848 2549 ἐρχόμενος
888 2480 922 2533 Ε
967 2481 987 2548 ΙΙ
1031 2478 1232 2533 τούτου
1272 2480 1302 2532 h
1350 2480 1368 2546 ΙΙ
1409 2478 1661 2546 Δωριεὺς
1696 2477 1849 2531 Beck
1886 2495 1955 2533 ex
1989 2477 2179 2531 Faus:
2219 2478 2367 2531 Διώ-

342 2551 638 2675 33’212‘32‘32?
654 2551 704 2674 (ὲ
723 2548 1604 2689 <3²01ss²⁶⁸>242072⁶35502⁷2⁵3”⁷”
1618 2549 1904 2676 ἕζῑυῖἲῖῖ
1914 2549 1992 2674 '²13⁵
1996 2548 2366 2688 R‘fflfflss

345 2691 472 2762 0¹⁸⁸)
500 2694 520 2761 ΙΙ
545 2700 611 2762 τῇ
649 2664 892 2766 et’as'gujz
925 2694 960 2747 Ε
1070 2697 1117 2744 3.
1139 2698 1172 2744 4
1211 2691 1285 2752 ὡς
1318 2689 1461 2758 πρὸς
1496 2689 1809 2760 προσευχὴν
1842 2692 1923 2744 Βν
1949 2692 1969 2759 ΙΙ
1996 2685 2175 2761 οὗτοι]
2216 2687 2301 2742 ὅτι
2332 2691 2367 2744 Ε

485 2768 515 2816 5
555 2763 772 2818 ἐκεῖνον
811 2766 848 2818 D
979 2767 1009 2815 6
1047 2761 1110 2816 δὲ
1147 2778 1254 2815 om.
1288 2763 1328 2815 Β
1354 2763 1375 2830 u
1401 2759 1726 2829 νικηφόρων
1768 2763 1851 2815 ΕΡΟ
1892 2763 1910 2830 ΙΙ
1952 2761 2171 2829 Εὐκλῆς
2210 2763 2240 2815 b
2280 2762 2369 2830 (ex

341 2834 384 2887 Α
423 2837 480 2888 et
506 2834 693 2904 Pane.)
814 2839 844 2886 7
875 2833 1090 2902 ἄνδρας
1117 2849 1220 2902 ego
1251 2831 1335 2901 (ἐν
1364 2831 1643 2900 ἀνδράσιν
1670 2831 1885 2902 Pane.):
1925 2831 2192 2900 ἄνδρωνα
2224 2832 2370 2889 Bou

345 2903 640 2974 ἀνδρωνον
679 2909 716 2962 Ε
758 2908 777 2975 ΙΙ
821 2904 1225 2974 Πεισιρρόθιος
1261 2906 1299 2958 V
1329 2903 1579 2957 Tzetzes:
1630 2902 1727 2956 cfr.
1771 2909 1890 2970 197,
1915 2910 1943 2958 1
1990 2905 2009 2972 Η
2053 2901 2270 2971 λέγεται
2310 2905 2367 2957 b:
2448 2903 2454 2911 ’

341 2976 618 3047 λελεγέτης
665 2977 810 3032 BDD
837 2976 1062 3031 Tzetzes
1108 2973 1421 3044 λελελέτ(ης)
1480 2975 1538 3028 et
1582 2973 1809 3044 Ὓέτζης)
1860 2978 1895 3031 Ε
1959 2972 2257 3042 λελεγέτιος
2304 2973 2369 3042 ⁰3

342 3047 568 3116 ignorat
593 3046 756 3100 Pane.
798 3047 858 3102 ἐν
885 3056 952 3118 τῇ
973 3045 1146 3102 Ἄλτει
1171 3045 1326 3100 Beck
1469 3050 1502 3099 8
1527 3041 1841 3115 Ὀλυμπίαν
1872 3047 1928 3102 h:
1954 3043 2302 3114 Ὀλυμπιάδα
2332 3046 2372 3100 V

344 3119 466 3188 (τὴν
493 3162 543 3172 -..
569 3161 580 3172 .
607 3115 986 3186 Ὀλυμπιάδαῗ
1022 3117 1193 3188 Beck)
1222 3120 1240 3187 ΙΙ
1268 3115 1621 3184 νικήσαντεςτ
1664 3119 1694 3171 b
1722 3119 1741 3186 [Ι
1776 3117 1909 3179 τοὺς
1943 3121 2155 3178 παῖδας
2191 3133 2297 3172 om.
2332 3118 2371 3170 Β

488 3195 519 3242 9
557 3188 961 3260 περιβαλόντας
997 3189 1196 3259 scripsi
1243 3205 1372 3242 cum
1408 3189 1474 3244 A:
1520 3187 1927 3260 περιλαβόντας
1968 3188 2163 3246 Boua
2216 3206 2373 3256 περι-

345 3259 611 3329 λαβόντες
650 3262 685 3315 Ε
737 3260 1172 3332 παραλαβόντας
1207 3260 1361 3316 Beck
1386 3261 1407 3330 ΙΙ
1435 3255 1538 3314 οὖν
1578 3259 1781 3314 seclusi
1818 3259 2181 3330 (defendebat
2220 3261 2273 3330 h)

492 3335 556 3383 10
595 3330 1023 3400 μακαριζόμενοι
1062 3334 1099 3387 D
1284 3337 1348 3385 11
1391 3348 1529 3400 φησι
1571 3333 1605 3386 Ε
1649 3334 1667 3401 ΙΙ
1712 3332 1843 3400 post
1880 3333 1975 3386 καὶ
2010 3331 2116 3385 lac.
2160 3333 2195 3386 Ε

352 3404 433 3454 11.
458 3405 522 3454 12
561 3400 1009 3469 Καλλιπάτειραν
1050 3405 1080 3457 b
1119 3405 1208 3473 (ex
1245 3405 1288 3458 Α
1326 3405 1384 3456 et
1419 3402 1582 3457 Paus.
1614 3407 1665 3470 5,
1694 3408 1745 3468 6,
1777 3405 1829 3473 ’1)
1988 3407 2050 3456 17
2093 3402 2375 3472 ἐπερειδο-

350 3469 523 3540 μένην
559 3488 665 3525 om.
699 3474 736 3527 D
765 3474 784 3541 ΙΙ
810 3471 932 3544 τὰς]
969 3474 1072 3543 τὴν
1114 3474 1218 3529 Eu¹
1348 3480 1411 3528 19
1451 3474 1821 3545 ἐπιχειρῆσαιε
1862 3476 1893 3528 h
1930 3476 2304 3546 (συγχωρῆσαι
2332 3472 2374 3527 Α

353 3539 549 3604 ἐνδοὺς
583 3541 830 3613 Tzetzes)
875 3545 896 3612 ΙΙ
945 3543 1257 3611 συνήθειαν
1304 3545 1480 3616 νόμον
1530 3545 1674 3602 30ss
1747 3545 2035 3614 συνήθους
2088 3544 2263 3616 νόμον
2312 3546 2375 3599 E:

353 3611 574 3682 συνήθη
615 3611 789 3681 νόμον
828 3612 917 3669 OD
2378 3623 2383 3628 ⁸
