2646 3882
1012 251 1231 322 olymp.
1261 251 1312 305 x
1353 256 1578 305 ἰε-83
2175 248 2302 313 331

281 420 469 482 αὐτοῦ
510 418 750 501 Τεγέαν·
810 419 928 481 ἔστι
974 417 1037 481 δὲ
1082 420 1251 493 πόλις
1291 412 1626 499 Ἀρκαδίας·
1677 418 1938 491 δοξάζων
1986 415 2050 477 δὲ
2097 416 2194 477 διὰ
2241 415 2304 476 τὸ

281 508 767 589 ἀναγορευθῆναι
802 508 921 571 ἀπὸ
952 506 1181 590 Τεγέας.
1250 506 1808 589 προσυπακουστέον
1844 506 1910 569 τὸ
1945 504 2306 586 ἠρίστευσεν.

282 598 403 661 ὑπὸ
450 596 515 659 δὲ
558 600 773 661 τούτου
816 607 922 659 τοῦ
954 592 1201 679 Ἐχέμου
1237 597 1340 659 τὸν
1365 594 1583 659 ’Ὕλλον
1619 594 1768 675 φασὶ
1803 600 2136 674 τελευτῆσαι
2171 617 2308 655 κατ-

282 688 452 750 ιόντα
496 688 580 762 εἰς
626 687 1107 766 Πελοπόννησον.

222 796 251 837 5
419 780 521 837 80.
568 772 887 857 Ἔχεμοςε
946 772 1508 857 προσυπακουστέον
1562 774 1628 835 τὸ
1682 773 2009 855 ἠρίστευσε·
2076 772 2185 849 τὴν
2240 770 2304 833 δὲ
2331 790 2362 832 Α

280 866 479 943 πάλην
523 864 796 943 ἐνίκησεν
826 862 1077 946 ’Ἑχεμος
1110 860 1319 943 Ἀρκὰς
1363 863 1428 925 τὸ
1473 862 1660 944 γένος.
1753 856 1864 941 ὑφ’
1897 856 1971 925 οὗ
2018 879 2166 940 φασι
2201 861 2304 923 τὸν

262 950 483 1015 ‘'TU-ov
528 959 862 1033 τελευτῆσαι
920 954 1004 1027 εἰς
1052 952 1516 1031 Πελοπόννησον
1561 952 1852 1015 κατιόντα.
1942 950 2192 1032 έγάμησε
2240 948 2303 1011 δὲ

280 1042 391 1121 τὴν
424 1044 791 1124 Τιμάνδραν·
829 1039 1112 1116 Ἡσίοδος.
1135 1036 1234 1125 (fr.
1270 1034 1426 1125 114)
1474 1041 1841 1122 Τιμάνδρην,
1888 1040 2097 1119 φησὶν,
2132 1037 2302 1119 ’Ἐχε-

280 1154 391 1210 μος
437 1132 699 1213 θαλερὴν
743 1126 1017 1209 ποιήσατ’
1058 1129 1301 1192 ἄκοιτιν.

195 1243 251 1283 10
418 1224 498 1282 83
524 1242 575 1281 a.
640 1216 744 1282 ἀν’
784 1220 1069 1282 ἵπποισι
1123 1217 1196 1281 δὲ
1250 1218 1578 1301 τέτρασιν
1631 1216 1742 1291 ἕως
1787 1214 2277 1298 Ἁλιρροθίουε
2308 1232 2516 1288 Bouto

281 1304 382 1387 ἐφ’
417 1310 619 1381 ἵπποις
667 1307 729 1369 δὲ
776 1308 1070 1391 τέτρασιν,
1116 1309 1424 1393 τεθρίππῳ
1469 1307 1910 1389 ἀγωνισάμενος
1956 1304 2224 1384 ἐνίκησεν
2272 1302 2303 1366 ὅ

270 1394 658 1480 Ἁλιρρόθιος.
744 1398 891 1459 ὅθεν
936 1395 1091 1470 τινὲς
1138 1406 1297 1477 σῆμα
1334 1394 1712 1479 Ἁλιρροθίου
1758 1395 1904 1457 κατὰ
1948 1396 2304 1475 περίφρασιν

278 1484 576 1565 ἤκουσαν,
632 1486 817 1549 οἱονεὶ
869 1485 933 1548 τὸ
989 1492 1235 1566 σημεῖον
1299 1484 1401 1547 καὶ
1453 1482 1492 1565 ἡ
1551 1486 1693 1559 δόξα
1747 1494 1853 1547 τοῦ
1899 1480 2304 1566 Ἁλιρροθίου,

279 1574 361 1648 ὡς
406 1576 502 1637 καὶ
532 1572 822 1657 Ὅμηρος·
882 1574 1006 1656 ἱερὴ
1054 1576 1117 1647 ἲς
1165 1576 1556 1656 Τηλεμάχοιο,
1610 1576 1732 1635 καί·
1790 1575 1894 1655 βίη
1930 1570 2303 1653 Ἡρακληείη.

200 1686 253 1726 15
288 1658 353 1747 Ιὸ
402 1663 465 1727 δὲ
513 1664 781 1745 Δίδυμος
826 1665 981 1727 οὕτω
1026 1665 1344 1743 καθίστησι
1388 1662 1492 1724 τὸν
1543 1664 1737 1744 λόγον.
1807 1662 1916 1741 την
1955 1662 2304 1724 Μαντινέαν
2335 1678 2496 1734 80εο

280 1752 471 1833 φησὶν
516 1748 673 1815 εἶναι
715 1753 880 1836 ἱερὰν
918 1753 1316 1831 Ποσειδῶνος,
1363 1752 1464 1813 καὶ
1498 1753 1887 1833 παρατίθεται
1931 1751 2035 1813 τὸν
2073 1756 2302 1831 Βακχυω

279 1840 454 1919 λίδην
518 1840 759 1923 λέγοντα
820 1843 975 1904 οὕτω
1038 1835 1115 1925 (0.
1156 1835 1294 1925 20)·
1363 1841 1762 1903 Ποσειδάνιον
1821 1838 1901 1914 ὡς
1967 1838 2304 1912 Μαντινέες

281 1930 591 2013 τριόδοντα
636 1931 1181 2012 χαλκοδαιδάλοισιν
1222 1930 1288 1993 έν
1326 1928 1568 1991 ἀσπίσιν
1603 1939 1941 2010 φορεῢντες.
2015 1928 2304 2008 ἐπίσημον

282 2021 395 2102 γὰρ
442 2015 595 2082 εἶναι
638 2029 757 2080 τῶν
802 2019 1070 2082 ἀσπίδων
1111 2019 1216 2081 τὸν
1253 2021 1632 2092 Ποσειδῶνος
1667 2019 1998 2097 τριόδοντα,
2036 2019 2123 2078 ὅτι
2159 2020 2303 2095 παρ’

200 2133 254 2171 20
283 2109 487 2182 αὐτοῖς
542 2109 787 2188 μάλιστα
840 2121 1070 2188 τιμᾶται
1126 2107 1158 2170 ὅ
1206 2109 1367 2182 θεός.
1444 2107 1601 2168 ἔσται
1647 2100 1760 2169 οὖν
1805 2106 1872 2167 τὸ
1918 2104 2101 2184 σαφὲς
2149 2107 2305 2167 οὕτω

285 2192 444 2283 Ικατ’
487 2197 700 2276 αὐτὸν,
746 2196 969 2272 ἔξωθεν
1014 2195 1628 2278 παραλαμβανομένου
1673 2206 1778 2258 τοῦ
1827 2193 2137 2275 ὀνόματος·
2193 2189 2516 2268 ἀν’Βοοεο

282 2289 511 2349 ἵπποισι
558 2284 621 2347 δὲ
666 2285 930 2369 τέτρασιν
958 2283 1173 2366 Ἵ-Ιρως
1206 2285 1238 2348 ὅ
1286 2284 1405 2347 ἀπὸ
1443 2284 1789 2359 Μαντινέας
1833 2285 2024 2346 ένίκα·
2070 2284 2110 2363 ’ἦ
2147 2281 2316 2346 ἐστιν..

284 2374 321 2455 ἡ
362 2373 680 2436 Μαντινέα
725 2382 970 2455 σημεῖον
1014 2375 1114 2436 καὶ
1152 2375 1277 2455 ἱερὰ
1312 2384 1421 2437 τοῦ
1458 2375 1855 2447 Ποσειδῶνος.
1926 2370 2304 2454 Ἀλιρρόθιον

281 2465 393 2546 γὰρ
450 2464 798 2536 ε’πιθετικῶς
851 2463 955 2525 τὸν
1001 2465 1354 2526 Ποσειδῶνά
1409 2481 1575 2542 φησι.
1647 2463 1748 2524 καὶ
1801 2464 2186 2544 παρατίθεται
2241 2462 2306 2524 τὸ

198 2576 251 2616 25
272 2552 591 2635 Ὁμηρικόν
646 2547 732 2636 (Ε
780 2550 958 2632 292)·
1024 2554 1215 2626 πάσας
1280 2548 1338 2612 δ’
1380 2551 1680 2633 ὀρόθυνεν
1744 2550 1949 2625 ἀέλλας
2007 2555 2305 2615 παντοίων

279 2641 531 2722 ἀνέμων.
622 2642 1007 2721 παρατίθεται
1061 2639 1125 2702 δὲ
1181 2639 1281 2702 καὶ
1338 2641 1440 2702 τὸν
1494 2643 1801 2722 γράφοντα
1853 2639 1965 2718 τὴν
2015 2642 2304 2718 Θησηίδα.

424 2805 454 2850 2
492 2796 555 2850 τὸ
594 2813 701 2850 om.
733 2794 877 2850 Gflss
1037 2801 1072 2848 4
1108 2791 1510 2862 Πελοπόνησον
1541 2789 1694 2849 ὉΠΕ
1849 2799 1880 2846 6
1921 2810 2084 2862 φησιε
2124 2795 2163 2848 V

280 2875 310 2922 7
340 2868 477 2924 ῧλον
587 2872 617 2920 9
649 2863 965 2932 ἐποιήσατ’;
1000 2867 1030 2920 b
1143 2869 1206 2920 11
1240 2862 1498 2934 ἐφ’-12
1521 2861 1872 2933 Ἁλιρροθίου
1902 2882 2008 2918 om.
2032 2865 2148 2932 003
2177 2867 2306 2934 post·

284 2947 348 2995 14
380 2935 715 3006 Ἡρακληείη
752 2938 859 3005 trp.
893 2938 929 2991 Ε
1081 2943 1143 2989 11
1186 2935 1406 2991 ἵπποισι
1443 2936 1484 2992 (1
1509 2938 1530 3005 11
1555 2934 1870 3008 τεθρίππῳ]
1911 2935 2038 3003 ἤτοι
2072 2934 2305 3003 τεθρίπ-

278 3031 363 3065 πω
405 3012 487 3065 Βν
524 3007 858 3077 τεθρίπποις
896 3008 985 3064 ΕΠ
1114 3013 1179 3061 12
1210 3004 1450 3075 Ἀλιροθ.
1492 3009 1564 3078 Β,
1653 3013 1717 3061 13
1757 3015 1904 3076 σῆμα
1942 3007 1983 3063 (1
2116 3013 2182 3059 14
2211 3004 2308 3060 καί

282 3066 420 3152 (aflt.)
452 3099 557 3135 om.
583 3080 673 3135 ΕΠ
699 3085 717 3146 ΙΙ
738 3076 1035 3148 Ἡρακλείη
1066 3081 1103 3132 D
1123 3079 1210 3134 ΕΠ
1331 3086 1395 3132 15
1424 3075 1779 3132 Μαντίνειαν
1810 3084 1840 3132 h
1963 3083 2030 3132 16
2061 3074 2209 3132 εἶναι
2239 3079 2304 3130 B:

278 3153 381 3223 τὴν
421 3152 560 3208 ΟΕΠ
681 3156 764 3205 16.
788 3155 852 3202 17
882 3147 1263 3219 καγχυλίδ(ην)
1304 3152 1340 3204 Ε
1457 3155 1521 3203 17
1550 3147 1869 3212 Μαντινέες
1902 3166 2034 3218 pap.
2073 3146 2303 3201 Bacch:

279 3223 482 3295 μάντιν
520 3223 576 3286 ἐς
615 3223 650 3276 Ε
705 3225 1017 3283 Μαντινεῖς
1055 3222 1095 3275 Β
1149 3219 1359 3290 μάντιν
1388 3220 1468 3283 εἰς
1506 3221 1662 3277 01ον
1701 3219 2053 3289 (Μαντινέαν
2092 3219 2177 3289 0²)

283 3301 349 3350 18
386 3292 854 3366 χαλκοὸαιδάλοις
882 3293 973 3346 ΒΨ
998 3294 1017 3360 ΙΙ
1046 3289 1238 3345 ἀσπίσι
1268 3292 1426 3346 codd.
1457 3293 1476 3362 ΙΙ
1504 3301 1806 3361 φορεῢντες
1834 3292 2003 3348 ΒΟῦε
2043 3291 2240 3362 φορβῶ
2271 3289 2306 3342 Ε

391 3371 455 3420 19
495 3362 643 3420 εἶναι
681 3365 747 3418 Βε
787 3362 901 3416 ἐστι
939 3363 1078 3419 ΟΕΠ
1188 3367 1255 3415 20
1290 3363 1444 3418 ἔσται
1483 3363 1700 3419 GEGss:
1740 3363 1888 3417 ἔστιν
1917 3364 1957 3417 Β
2068 3367 2133 3414 21
2175 3357 2302 3415 κατ’

280 3437 456 3491 αὐτὸν
494 3436 719 3505 scripsi:
758 3431 901 3488 καθ’
924 3434 1099 3488 αὑτὸν
1137 3434 1472 3504 (καθαυτὸν,
1509 3431 1647 3488 καθ’
1677 3434 1870 3502 αὐτὸν)
1911 3432 2105 3488 GDEss
2160 3427 2302 3485 καθ’

280 3509 418 3564 αὑτὸ
460 3511 541 3563 Βν
567 3510 586 3578 ΙΙ
615 3507 827 3573 ἔξωθεν
849 3538 914 3546 -
936 3505 1209 3575 ὀνόματος
1246 3508 1303 3560 et
1342 3511 1410 3558 23
1449 3515 1675 3574 σημεῖον
1712 3505 1809 3558 καὶ
1848 3521 1882 3556 a
1911 3503 2144 3571 Didymi
2182 3517 2306 3555 sen-

280 3581 462 3634 tentia
500 3579 687 3634 aliena
713 3576 873 3648 vid.ss
907 3578 981 3633 ἀν
1021 3577 1113 3633 ΒΩ
1160 3578 1220 3632 έν
1259 3577 1400 3632 an
1544 3582 1610 3629 22
1651 3572 1868 3644 ἐνίκησε
1908 3575 1988 3631 (lv
2017 3572 2098 3644 1Ιῆ
2133 3573 2303 3628 BGD:

282 3652 377 3705 καὶ
408 3651 539 3707 Essv
566 3653 584 3719 ΙΙ
614 3648 765 3717 ἱερὸν
796 3651 825 3704 h
939 3655 1007 3702 24
1044 3665 1185 3717 φασι
1216 3649 1250 3703 Ε
1361 3653 1428 3700 26
1468 3648 1530 3701 δὲ
1560 3664 1664 3700 om.
1697 3646 1738 3702 (1
1765 3650 1783 3716 ΙΙ
1815 3689 1824 3700 .
1851 3643 2052 3715 ,σηίδα
2082 3646 2118 3699 Ε
2157 3643 2304 3711 (la-c.)
