2646 3882
956 181 1175 251 Olymp.
1202 181 1281 236 IV
1315 181 1560 238 insor.—-
1576 189 1602 236 1
2164 181 2290 247 129

401 346 441 428 ἡ
473 346 535 410 δὲ
572 346 799 434 ἐπῳδὸς
834 347 1041 410 κώλων
1069 345 1149 429 ιβ’
1152 396 1163 408 .
1300 348 1367 412 τὸ
1396 347 1452 409 α’
1499 348 1740 412 ἰωνικὸν
1779 349 2049 431 δίμετρον
2077 347 2291 412 ἀκατά-

266 443 499 516 ληκτον.
634 436 699 499 τὸ
737 434 795 518 β’
841 437 1224 519 χοριαμβικὸν
1262 438 1535 520 δίμετρον
1573 438 2010 516 καταληκτικόν.
2136 439 2200 500 τὸ
2237 436 2291 521 γ’

266 526 549 606 ἰαμβικὸν
613 526 885 608 δίμετρον
950 525 1365 605 ἀκατάληκτον.
1509 526 1574 588 τὸ
1621 524 1674 588 δ’
1738 527 2135 609 προσοδιακὸν
2185 538 2292 609 τῆς

266 617 393 678 iffi]
457 613 888 702 συνῃρημένης.
1032 613 1097 676 τὸ
1144 612 1190 676 ε’
1263 616 1533 697 δίμετρον
1596 615 2105 698 ὑπερκατάληκτον
2168 615 2292 678 ἔπι-

214 729 239 768 5
270 703 683 786 χοριαμβικὸν,
738 703 853 766 ἀπὸ
908 703 1180 785 τροχαίου
1236 702 1661 784 ἄναλυομένου.
1795 704 1859 767 τὸ
1907 699 1963 774 ς’
2017 705 2292 786 ἰαμβικὸν
2366 746 2368 748 v

270 794 542 875 δίμετρον
604 794 1171 876 βραχυκατάληκτον.
1332 793 1397 854 τὸ
1453 789 1504 867 ζ’
1568 793 1916 855 δακτυλικὸν
1988 795 2292 876 τρίμετρον

268 882 713 962 καταληκτικὸν,
758 880 798 962 ἢ
845 881 1241 964 προσοδιακὸν
1286 891 1393 944 τοῦ
1440 883 1683 944 ἰωνικοῢ
1721 881 1778 962 β’
1815 882 2002 956 ὄντος.
2132 882 2198 945 τὸ
2234 881 2295 963 η’

268 973 576 1052 περίοδος,
631 972 876 1046 διπλοῦς
933 971 1159 1051 ἴαμβος.
1294 969 1358 1032 τὸ
1406 968 1472 1031 θ’
1526 972 1801 1052 περίοδος
1855 971 2130 1053 τροχαϊκὴ
2176 970 2292 1033 ἀπὸ

274 1061 493 1142 ἰάμβου
565 1065 1005 1139 καταληκτικοῦ.
1165 1058 1230 1120 τὸ
1278 1056 1317 1119 ι’
1392 1059 1668 1140 ἰαμβικὸν
1736 1061 2006 1142 δίμετρον
2077 1063 2294 1143 βραχυ-

192 1173 247 1213 10
276 1151 651 1228 κατάληκτον.
786 1148 849 1210 τὸ
890 1145 969 1209 ια’
1012 1147 1322 1230 τροχαϊκὸν
1358 1147 1651 1229 ἐπίτριτον
1685 1159 1791 1210 τοῦ
1829 1147 1884 1209 α’
1927 1149 2112 1222 ποδὸς
2150 1148 2294 1211 ἀνα-

276 1237 585 1318 λυομένου.
718 1237 781 1299 τὸ
829 1235 909 1318 ιβ’
956 1235 1231 1317 ἰαμβικὸν
1277 1237 1551 1318 δίμετρον
1596 1239 2161 1319 βραχυκατάληκτον.
2223 1263 2246 1301 1
2263 1258 2295 1302 Α

268 1340 406 1380 inser.
438 1337 555 1393 1)Εο

412 1417 763 1497 Ψαύμιδιε
820 1413 851 1476 ὁ
906 1418 1147 1494 Ψαῦμις
1202 1414 1436 1493 ἐνίκησε
1489 1415 1599 1494 τὴν
1652 1413 1754 1496 πβ’
1795 1409 2157 1497 Ὀλυμπιάδα
2205 1439 2293 1478 τε-
2321 1435 2353 1479 Α

272 1507 535 1591 θρίππῳ.
627 1498 705 1585 ἦν
752 1502 814 1566 δὲ
851 1503 1098 1577 Σικελὸς
1144 1502 1259 1565 ἀπὸ
1298 1505 1649 1586 Καμαρίνης
1693 1505 1936 1585 πόλεως,
1979 1495 2019 1591 ᾖ
2063 1503 2295 1586 ὁμώνυ-

190 1617 245 1658 15
276 1618 385 1675 μος
430 1593 543 1656 καὶξ
575 1595 771 1673 λίμνη.
842 1619 980 1654 metr.-

412 1688 522 1744 la.
580 1676 871 1764 Ἐλατὴρ
916 1679 1286 1763 ὑπέρτατεε
1336 1682 1503 1755 ἰδίως
1549 1683 1612 1744 οἱ
1649 1683 1920 1764 νεώτεροι
1963 1683 2072 1762 τὴν
2115 1686 2351 1764 βρον-Α

272 1771 383 1851 τὴν
419 1769 611 1852 ὄχημα
645 1770 745 1832 καὶ
780 1772 965 1832 ἵππον
1005 1780 1109 1832 τοῦ
1138 1771 1284 1844 Διὸς
1322 1770 1722 1834 ὑποτίθενται.
1839 1773 1894 1834 b.
1944 1769 1976 1834 ὁ
2007 1769 2069 1833 δὲ
2098 1772 2291 1854 λόγος·

270 1860 553 1943 ὑπέρτατε
597 1863 847 1941 βροντᾶς
895 1857 1102 1940 ἐλατὴρ
1148 1864 1291 1920 Ζεῦ·
1341 1854 1470 1922 οἷον
1515 1857 1730 1941 ἡνίοχε.
1808 1859 2294 1941 ἀκαμαντόποδος

276 1948 370 2031 δὲ,
435 1950 515 2031 μὴ
580 1950 923 2030 καμνούσης
988 1949 1126 2022 τοὺς
1193 1949 1399 2023 πόδας.
1486 1948 1846 2012 ἀκοπιάστου
1909 1950 2008 2012 καὶ
2064 1950 2294 2033 στερρό-

192 2062 249 2103 20
277 2040 479 2113 ποδος.

415 2133 520 2189 le.
588 2122 877 2207 Ἐλατὴρ
941 2124 1280 2207 ὑπέρτατε
1343 2129 1680 2207 βροντᾶςε
1745 2126 1946 2205 ἐπειδὴ
2013 2124 2044 2187 ὀ
2109 2126 2269 2209 ἀγὼν
2297 2148 2460 2192 ncne

422 2322 487 2370 16
523 2314 655 2369 Hos,
694 2312 1071 2386 ἐλασίβροντα.

423 2498 449 2545 1
496 2492 621 2561 ἡ-
643 2491 717 2583 ιβ’
756 2510 861 2547 om.
894 2495 930 2547 D
970 2498 987 2554 ΙΙ
1023 2493 1213 2547 κώλων
1252 2490 1365 2547 Eu:
1405 2491 1484 2554 εἰς
1520 2493 1563 2547 Α
1599 2494 1618 2562 ΙΙ
1657 2490 1736 2563 α’]
1774 2490 1826 2545 α’
1864 2500 1964 2561 τῆς
2000 2492 2218 2566 ἐπῳδῆς
2255 2495 2293 2548 D

421 2569 451 2617 3
491 2564 876 2633 ἀκαταληκτον
922 2562 1119 2618 Pauw:
1178 2562 1623 2633 ἀκαταληκτικόν
1659 2564 1702 2618 Α
1765 2562 2166 2633 καταληκτικόν
2207 2567 2242 2619 V
2277 2567 2296 2636 ΙΙ

276 2635 670 2705 προσωδιακὸν
698 2636 741 2690 Α
849 2641 898 2690 3.
919 2641 953 2687 4
989 2641 1087 2703 τῆς
1121 2641 1245 2688 ΐέοῖ
1273 2632 1694 2705 συνῃρημέν(ης)
1722 2635 1790 2689 A:
1828 2644 1946 2698 τοῖς
1971 2635 2298 2704 κεφαλαίοις

276 2704 765 2833 Ξζῖῃῖἒῗῖεἷοῖτῖν
802 2777 846 2832 Α
861 2711 896 2758 4
916 2721 1005 2830 1¹3?
1009 2703 1378 2849 Ἧῖἰιῖἕξηὲἕ
1379 2726 1501 2843 νέἔο
1517 2705 1880 2831 ῗῖἶὸῖὲΐῖὶ
1909 2703 2295 2845 ῗέἑῃξίὲῗέἔ

278 2850 322 2905 Α
377 2798 438 2903 ιῖι
472 2798 651 2918 ὑθιῒέ)
697 2850 715 2917 11
760 2846 1019 2916 δίμετρον
1064 2798 1549 2916 ὑπερκατάληκτοξι
1587 2862 1694 2901 om.
1723 2849 1766 2903 A
1909 2853 1958 2903 4.
1981 2855 2012 2902 5
2051 2848 2296 2921 ἐπιχορι-

280 2920 520 2991 αμβικὸν
539 2920 618 2974 A:·
638 2918 731 2973 ἐπὶ
758 2918 1065 2989 χοριάμβου
1096 2922 1131 2972 V
1223 2925 1254 2972 5
1294 2918 1406 2973 ἀπὸ
1427 2950 1496 2959 -
1515 2917 1900 2987 ἀναλυομένου
1929 2935 2035 2973 om.
2066 2921 2109 2975 A
2135 2922 2154 2990 ss
2183 2921 2294 2976 ἀπὸ

279 2988 545 3062 τροχαίου
585 2989 698 3046 ED:
736 2989 843 3043 lac.
882 2992 920 3045 D
966 2992 985 3059 ΙΙ
1030 2988 1414 3059 ἀναλυόμενον
1442 2991 1507 3045 V:
1545 2988 1718 3043 Pauw
1856 2996 1888 3043 6
1924 2993 2055 3059 post
2127 3011 2296 3061 ραχυ-

280 3062 455 3117 κατάλ
493 3079 627 3117 κτον
664 3061 791 3115 add.
834 3061 1224 3129 ἀνακλώμενον
1260 3061 1335 3130 (h.
1366 3077 1412 3114 e.
1443 3060 1846 3131 ἀναλυόμενον)
1877 3064 1913 3116 D
1953 3064 1972 3131 ΙΙ
2007 3080 2071 3129 τρ
2097 3081 2295 3130 μετρον

282 3132 397 3189 Eu:
428 3134 462 3186 δ
487 3152 685 3202 μετρον
713 3134 806 3188 ΑΙ)
919 3137 947 3185 7
978 3131 1381 3200 καταληκτικὸν
1414 3130 1528 3187 Eu:
1557 3148 1662 3185 om.
1684 3133 1727 3187 A
1773 3132 2296 3203 βραχυκατάληκτον

280 3206 321 3260 D
350 3207 369 3272 ss
394 3201 429 3272 ἢ
452 3236 517 3243 -
541 3202 701 3266 ὄντος
728 3221 833 3258 om.
864 3204 907 3258 A
998 3208 1031 3257 8
1059 3222 1157 3271 τρο
1194 3202 1326 3273 αϊκὴ
1354 3204 1422 3258 A:
1450 3210 1710 3274 τροχαῖος
1735 3204 1773 3257 V
1865 3208 1897 3256 9
1927 3204 2190 3274 ἰαμβικοῦ
2221 3207 2257 3259 D
2277 3204 2297 3277 ΙΙ

280 3274 683 3344 καταληκτικὸν
721 3274 761 3331 ss
912 3278 961 3327 8.
984 3278 1015 3326 9
1052 3293 1157 3342 περ
1184 3275 1344 3337 οδος,
1378 3273 1675 3345 τροχαϊκὸν
1724 3273 1836 3327 ἀπὸ
1875 3274 2080 3345 ἰάμβου
2124 3294 2298 3329 κατα-

280 3346 541 3414 ληκτικόν
569 3345 796 3400 Tzetzes
825 3349 886 3413 ὓς
922 3348 1328 3415 καταληπτικοῦ
1357 3346 1418 3414 (s.
1449 3343 1598 3415 -κόν)
1626 3344 1689 3399 st.
1719 3344 1938 3400 delend.
2070 3351 2134 3398 10
2170 3365 2297 3414 τρο-

280 3417 481 3488 χαϊκὸν
512 3414 789 3486 ἐπίτριτον
817 3418 885 3472 A:
914 3424 1175 3488 τροχαῖος
1203 3412 1478 3505 ἐπίτριτος
1507 3418 1594 3471 DE
1638 3416 1935 3488 τροχαϊκὸς
1963 3413 2238 3485 ἐπίτριτος
2256 3416 2297 3471 ss

393 3494 457 3541 11
496 3488 981 3558 ὑπερκατάληκτον
1009 3489 1053 3544 Α
1154 3493 1220 3540 13
1257 3490 1510 3555 Ψαμμιδι
1537 3489 1594 3541 et
1630 3486 1854 3558 Ψάμμις
1968 3492 2032 3541 18
2062 3484 2294 3540 ἀκαντό-

282 3560 465 3622 ποδος
495 3561 585 3615 A„
705 3566 770 3613 21
808 3559 845 3611 l.
878 3575 983 3613 om.
1014 3560 1051 3615 D
1097 3557 1368 3626 ὑπέρτατε
1403 3560 1639 3629 βροντᾶς
1675 3574 1781 3612 om.
1814 3558 1906 3615 Dss

393 3656 561 3699 Sonon.
591 3668 643 3699 τις
668 3658 929 3699 Panum:
957 3658 1025 3699 ed.
1056 3658 1432 3700 Brachmann.
1944 3648 1974 3695 9
