2646 3882
958 255 1177 325 Olymp.
1206 255 1284 308 VI
1325 261 1620 310 129—140
2177 253 2305 320 183

421 427 615 484 1340.
698 419 779 495 ὃς
842 421 1143 503 ἀγῶνας
1208 421 1392 504 ἔχεις
1465 421 1784 504 ἐναγώνιος
1849 420 1881 484 6
1946 423 2104 496 θεός.
2305 431 2478 497 881110

279 515 336 573 d.
383 510 425 592 ἢ
472 512 560 573 ’ὅτι
602 513 817 593 κῆρυξ·
870 513 1058 593 κῆρυξ
1115 509 1179 572 δὲ
1232 511 1333 573 καὶ
1386 510 1451 573 έν
1507 509 1744 593 ἀγῶσιν.
1882 533 1930 572 e.
1979 509 2019 592 ἢ
2065 513 2157 574 ὅτι
2200 521 2306 592 τῆς

279 602 472 680 πάλης
518 600 774 681 εὑρετής.
2215 596 2222 602 “

421 693 564 752 137.
647 684 694 750 ὦ
757 696 892 751 παῖ
940 690 1398 771 Σωστράτουε
1471 699 1541 774 τῇ
1607 698 1680 774 σῇ
1755 688 2022 773 εὐτυχία,
2086 683 2133 750 ὦ
2195 699 2303 752 τοῦ
2356 709 2394 752 Α

228 801 255 842 5
285 780 641 890 Σωστράτου
686 785 814 858 παῖ’,
859 778 971 857 τὴν
1006 778 1283 853 εὐδοξίαν
1321 777 1716 856 ἔπιστεφανοῖ.
1790 778 1854 839 τὸ
1890 778 2003 859 γὰρ
2041 779 2308 860 κραίνειν

280 867 381 928 καὶ
435 861 531 929 ἐπ’
580 865 773 930 άλλων
830 867 1020 940 οὕτως
1072 868 1332 946 τίθησιν.
1415 863 1678 948 Όμηρος
1735 860 1800 950 (δ
1848 859 2034 950 616)·
2094 867 2307 949 χρυσὸς

283 952 340 1016 δ’
384 955 481 1018 ἐπὶ
527 957 736 1037 χείλεσι
778 957 1145 1037 κεκράανται.
1229 954 1767 1037 έπιτετερμάτισται.
1840 953 1996 1029 τινὲς
2043 955 2310 1038 δέχονται

281 1044 362 1119 ὡς
407 1044 608 1118 ἁπλῶς
654 1046 838 1107 αὐτοῦ
883 1043 1155 1126 λέγοντος
1199 1042 1613 1122 ἐστεφάνωται.

422 1137 549 1195 140
570 1155 622 1196 a.
672 1134 887 1208 δόξαν
924 1133 1050 1214 ἔχω
1086 1127 1250 1196 τιν’;
1289 1129 1500 1214 [δόξαν
1536 1132 1646 1214 ἔχω
1681 1131 1857 1213 τινά.]
1917 1132 2163 1212 δόκησιν
2199 1133 2310 1214 ἔχω
2361 1152 2399 1195 Α

201 1245 256 1286 ιο
281 1223 379 1285 ἐπὶ
423 1232 529 1303 τῆς
581 1223 868 1304 γλώττης,
922 1223 961 1302 ἥ
1008 1246 1077 1303 με
1120 1222 1458 1303 παραθήγει
1512 1219 1593 1294 ὦς
1647 1220 1836 1302 ἀκόνη
1889 1222 2102 1301 ὑμνεῖν
2153 1222 2310 1302 ὑμᾶς

284 1313 493 1393 καίπερ
540 1313 1130 1394 διαπροαιρούμενον.
1265 1312 1321 1372 b.
1369 1310 1596 1391 ἀκόνην
1644 1309 1708 1372 δὲ
1753 1310 1998 1392 λιγυρὰν
2039 1305 2164 1372 εἷπε
2199 1310 2310 1390 τὴν

284 1410 391 1462 τοῦ
438 1402 633 1480 ὕμνου
680 1397 867 1485 ᾠδήν,
911 1398 992 1473 ὦς
1039 1446 1231 1462 .....
1278 1396 1356 1480 (ὃ
1403 1397 1602 1480 δοκῶ>
1646 1399 1779 1482 περὶ
1814 1397 2017 1481 <τῶν>
2053 1399 2311 1482 ἀνδρῶν,

198 1497 203 1502 ’
286 1490 456 1552 τοῦτό
505 1513 605 1569 μοι
648 1487 687 1568 ἡ
735 1488 924 1569 ἀκόνη
970 1487 1009 1569 ἡ
1056 1491 1478 1569 παροξύνουσα
1521 1489 1622 1551 καὶ
1666 1499 2039 1571 παρορμῶσα.

424 1582 617 1641 1400.
694 1578 908 1654 δόξαν
972 1577 1100 1658 ἔχω
1158 1576 1269 1652 ἕως
1328 1577 1626 1640 ἕτικτεντ
1689 1576 1721 1640 6
1767 1588 1938 1652 νοῦς·
1997 1578 2104 1659 ἔχω
2149 1577 2283 1640 τινὰ
2311 1596 2524 1652 acuto

204 1689 257 1730 15
285 1667 387 1729 καὶ
430 1665 629 1748 ἕτέραν
675 1666 924 1747 δόκησιν
970 1668 1125 1728 οὕτω
1162 1690 1231 1747 με
1266 1666 1748 1749 προτρεπομένην
1784 1666 1970 1748 λέγειν
2007 1666 2141 1749 περὶ
2177 1676 2311 1747 σοῦ,

285 1755 499 1818 ὡσανεὶ
552 1765 658 1836 τῆς
714 1755 936 1836 ἀκόνης
990 1765 1096 1836 τῆς
1152 1753 1385 1830 ὀξύνειν
1441 1755 1781 1837 δυναμένης
1839 1755 1905 1818 τὸ
1959 1756 2312 1838 παραθηγό-

286 1862 491 1924 μενον·
548 1846 678 1924 ἥτις
725 1844 967 1924 δόκησις
1020 1846 1265 1910 θελοντί
1315 1869 1418 1925 μοι
1461 1845 1562 1908 καὶ
1605 1842 1950 1931 βουλομένῳ
1994 1842 2311 1926 προσέρπει

284 1934 383 1997 καὶ
427 1936 778 2017 προσπίπτει
826 1933 943 1996 ὑπὸ
990 1939 1117 2008 ταῖς
1162 1944 1280 1997 τῶν
1326 1935 1524 1997 αὐλῶν
1570 1940 1784 2008 πνοαῖς
1827 1933 1927 1996 καὶ
1962 1944 2080 1997 τῶν
2115 1931 2309 2015 ἤχων·

287 2024 385 2084 διὰ
444 2033 636 2103 πνοῆς
698 2022 808 2104 γὰρ
876 2021 908 2085 6
968 2017 1110 2105 ἦχος
1168 2022 1498 2105 ἐκφέρεται·
1557 2024 1687 2103 ἥτις
1742 2024 1983 2102 δόκησίς
2038 2022 2158 2085 ἐστι
2203 2033 2310 2085 τοῦ

204 2135 259 2175 20
287 2114 501 2192 ὑμνεῖν
548 2132 611 2173 σε
656 2110 721 2173 ἐκ
765 2122 870 2191 τῆς
916 2110 1061 2192 ἐμῆς
1106 2114 1407 2193 προγόνου
1445 2113 1747 2225 Μετώπης
1785 2112 1902 2174 ἀπὸ
1940 2112 2310 2191 Στυμφηλου

285 2201 510 2273 πόλεως
564 2193 936 2281 Ἀρκαδικης.
1098 2202 1153 2263 d.
1222 2202 1630 2283 ματρομάτορα
1699 2198 1790 2262 δὲ
1827 2200 1938 2279 τὴν
2001 2201 2312 2279 Μετώπην

286 2288 437 2371 λέγει
484 2286 516 2350 6
564 2289 872 2370 Πίνδαρος
916 2290 1089 2351 οὕτω.
1180 2292 1450 2370 Μετώπη
1496 2291 1768 2371 θυγάτηρ
1816 2287 1924 2368 μὲν
1968 2282 2046 2370 ἧν
2090 2289 2312 2350 Λάδω-

286 2402 394 2451 νος
439 2388 547 2440 τοῦ
593 2387 861 2457 ποταμοῦ
907 2386 1012 2457 τῆς
1051 2374 1383 2491 Ἀρκαδίας,
1423 2374 1434 2463 Ι
1472 2378 1626 2460 γυνὴ
1675 2377 1739 2440 δὲ
1778 2374 2048 2440 Ἀσωποῦ
2093 2387 2199 2439 τοῦ
2246 2376 2310 2439 έν
2340 2396 2510 2453 nuto

292 2468 523 2548 Θήβαις
567 2476 853 2546 ποταμοῦ.
945 2464 1011 2527 ἐκ
1054 2471 1269 2547 ταύτης
1314 2468 1517 2551 γέγονε
1561 2469 1773 2549 νύμφη
1818 2491 1906 2540 τις
1949 2466 2156 2547 Θήβη,
2194 2465 2307 2545 ἀφ’

204 2578 258 2619 25
286 2550 360 2635 ης
407 2553 446 2634 ἡ
501 2556 695 2628 πόλις·
757 2557 1024 2635 Θηβαῖος
1089 2554 1153 2617 δὲ
1209 2554 1241 2618 6
1297 2558 1623 2639 Πίνδαρος.
1714 2556 1814 2617 διὰ
1868 2566 2040 2618 τοῦτο
2097 2578 2311 2638 ματρο-

286 2646 511 2757 μάτορα
558 2645 753 2705 ἰδίαν
743 2642 915 2724 λέγει
958 2644 1068 2723 τὴν
1113 2646 1441 2726 Μετώπην.

432 2805 459 2852 1
502 2799 809 2868 ἐναγώνιος
843 2796 950 2868 γὰρ
990 2797 1019 2852 ὁ
1056 2802 1118 2851 θ.
1148 2813 1180 2853 ν
1325 2804 1357 2851 3
1395 2797 1508 2852 πάλ
1508 2820 1575 2868 ης
1613 2800 1677 2853 B:
1715 2797 1897 2867 πάλης
1933 2798 2081 2853 ἐστὶν
2119 2799 2215 2855 flu

286 2877 319 2925 5
359 2870 779 2939 ἐπιστεφανοῖςε
821 2871 852 2924 b
1008 2876 1039 2923 6
1076 2869 1207 2961 post
1240 2867 1471 2938 τίθησιν
1505 2886 1620 2923 non
1657 2870 1786 2924 dist.
1829 2871 1877 2924 h.
1943 2870 2029 2924 Ft.
2067 2874 2311 2925 τιθεῖσιν

431 2947 480 2996 6.
504 2947 604 3012 Ἰχ
609 2944 756 3008 ρυσω
795 2936 849 2997 δ’
885 2941 979 2995 ἐπὶ
1050 2887 1195 2996 ειλεα
1233 2941 1394 2995 codd.
1433 2940 1593 2994 Hom.
1742 2946 1771 2994 7
1810 2939 2142 3009 κεκράαταιε
2185 2943 2216 2996 b

286 3017 316 3065 9
350 3012 489 3082 ἔχων
517 3014 607 3068 Α·ο
609 2961 653 3103 ⁹11
679 2994 789 3067 τίν’
812 3011 834 3084 ιι
861 3010 990 3066 secl.
1012 2962 1047 3065 ἒ

431 3090 495 3138 11
535 3081 738 3151 καίπερ
776 3098 909 3153 ego:
947 3083 1047 3137 καὶ
1080 3083 1210 3151 περὶ
1256 3083 1394 3152 (sivo
1428 3082 1606 3174 παρὰ)
1791 3088 1855 3136 12
1901 3082 2008 3137 lac.
2046 3081 2310 3147 indicavi,

288 3153 544 3223 supplevi
581 3170 650 3209 ex
686 3157 724 3209 V
762 3155 885 3223 (141
909 3154 958 3223 c)
1000 3155 1019 3223 ΙΙ
1063 3154 1194 3221 περὶ
1230 3170 1304 3207 an
1339 3153 1497 3222 παρὰ
1533 3154 1726 3208 incert.
1877 3159 1943 3207 13
1981 3173 2076 3243 μοι
2104 3155 2167 3207 V.
2206 3171 2313 3221 μου

262 3227 380 3281 ·ΑΡο
418 3229 540 3315 (μσς
575 3228 643 3282 A·
644 3227 719 3295 ⁰⁶1²)
700 3224 767 3298 >ss
793 3224 971 3294 ἀκόνη
1012 3224 1159 3279 ἐστὶν
1187 3226 1227 3279 V
1401 3230 1468 3279 14
1507 3225 1609 3295 ἔχω
1641 3228 1707 3280 B:
1748 3225 1808 3297 ἔχ
1811 3246 1854 3278 ω
1889 3244 1979 3280 τιν
2027 3220 2183 3294 (τίν’)
2225 3224 2313 3278 DE

290 3296 319 3349 ἔ
352 3316 395 3349 ω
430 3293 540 3351 τιν’
572 3296 665 3351 ἐπὶ
704 3297 745 3353 ss
788 3298 807 3365 ΙΙ
854 3245 971 3358 ἕως
1004 3296 1209 3351 ἔτικτεν
1246 3313 1355 3349 οιιι.
1397 3295 1485 3352 OD
1493 3299 1551 3387 ss
1597 3296 1699 3360 ἕως
1736 3298 1851 3351 ΒΕ.
1901 3294 2003 3357 ἕως
2046 3302 2146 3348 τοῦ
2187 3294 2268 3350 (lv
2293 3291 2314 3363 ΙΙ

317 3386 432 3436 χων
471 3368 512 3424 ss
640 3373 704 3422 17
740 3365 1012 3421 θάλλοντι
1052 3369 1087 3421 Ε
1224 3371 1289 3421 18
1327 3376 1446 3431 τοῖς
1480 3366 1638 3438 ἤχοις
1676 3369 1712 3423 G
1851 3370 1916 3419 19
1954 3372 2054 3420 τοῦ
2094 3362 2310 3420 GDEssz

286 3437 351 3492 τὸ
383 3440 465 3492 Βν
572 3444 641 3491 20
680 3455 738 3492 σε
768 3455 874 3492 οιιι.
910 3440 944 3493 Ε
972 3440 990 3507 ΙΙ
1018 3436 1346 3508 Στυμφίλου
1377 3454 1404 3493 r
1434 3439 1513 3510 (in
1545 3442 1583 3494 Β
1611 3460 1646 3509 η
1676 3438 1846 3506 obse.)
1958 3441 2040 3488 21.
2065 3440 2131 3487 22
2170 3431 2313 3501 λέγει

287 3508 393 3577 την
428 3513 569 3563 Μετ.
611 3511 647 3565 Ε
670 3512 711 3598 ΙΙ
754 3514 887 3579 θυγ.
926 3510 1026 3580 μὲν
1064 3509 1171 3579 γὰρ
1208 3504 1280 3579 ἦν
1317 3510 1566 3579 Μετώπη
1609 3512 1690 3564 Βν
1735 3511 1754 3579 ΙΙ
1798 3506 2067 3567 Λάκωνος
2105 3507 2141 3557 D

289 3585 359 3633 23
397 3587 497 3634 τοῦ
533 3587 632 3649 τῆς
667 3577 803 3648 Ἆρκ.
842 3598 963 3634 ποτ.
1006 3582 1141 3651 ΒΦ)
1181 3583 1201 3649 n
1243 3581 1525 3651 ποταμοῦ]
1561 3578 1696 3635 ποτὲ
1736 3581 1772 3634 Ε
1933 3581 2001 3628 23
2023 3572 2167 3641 sqq]
2203 3568 2314 3620 lac.

290 3652 487 3705 decem
522 3650 640 3705 fere
677 3668 759 3704 vv.
801 3652 837 3706 G
984 3657 1050 3705 23
1087 3661 1187 3706 τοῦ
1226 3652 1368 3723 (alt.)
1407 3668 1512 3705 om.
1734 3654 1801 3702 26
1840 3644 1959 3701 ἰδία
1999 3646 2078 3698 Βτ

1050 3012 1317 3065 chroeder
1343 3014 1362 3081 ΙΙ
1391 3012 1530 3081 ἔχων
1645 3017 1712 3065 10
1749 3012 1895 3081 ὑμᾶς
1922 3013 2011 3067 A⁸⁰
2047 3011 2195 3081 ἡμᾶς
2222 3013 2315 3067 ΑΡ(ι
