2646 3882
373 185 499 250 160
1262 185 1489 240 Scholia.

207 370 375 426 anto
510 356 591 413 23
614 374 662 414 e.
726 350 939 427 ἄλλως·
986 352 1050 415 τὸ
1089 358 1334 432 σημεῖον
1372 352 1462 414 ὅτι
1496 351 1640 415 ἔπτὰ
1676 353 1872 434 πυράς
1908 368 2061 431 φησι
2095 361 2214 414 τῶν
2248 350 2394 414 ἑπτὰ

369 442 450 522 μὴ
496 441 953 504 ἀποθανόντων
1004 435 1370 523 Ἀμφιάραος
1425 441 1537 524 γὰρ
1593 442 1900 522 κατεπόθη
1957 441 2070 516 σὺν
2123 447 2253 515 ταῖς
2297 442 2395 503 ἴπ-

366 553 503 604 ποις
546 529 613 592 ἐν
652 525 903 615 Ὠρωπῷ
947 530 1111 592 πόλει
1154 540 1259 609 τῆς
1301 533 1600 604 Βοιωτίας.
1666 541 1747 594 28¹³
1764 549 1796 593 ε

294 637 371 689 Βεῑ
516 592 1285 730 231ζ(τελεσθέντωνε)
1333 618 1769 700 συναχθέντων.

517 713 616 770 26.
678 707 945 772 ποθέω·
1000 706 1033 770 6
1074 703 1508 786 Ἀσκληπιάδης
1561 708 1714 789 φησὶ
1755 718 1938 771 ταῦτα
1981 709 2285 788 εἰληφέναι
2331 709 2395 773 ἐκ
2453 735 2478 774 5

326 735 358 778 Α

317 911 350 956 Α

367 807 473 878 τῆς
518 803 801 878 κυκλικῆς
851 799 1151 878 Θηβαίδος
1198 791 1297 881 (fr.
1340 799 1376 857 5
1398 791 1518 880 K..)

506 890 587 947 27
613 909 665 950 a.
729 886 1141 966 ὄφθαλμόνε
1188 886 1277 947 ὅτι
1320 885 1591 966 ἔνδοξος,
1645 884 1726 960 ὡς
1771 884 2086 967 ὀφθαλμὸς
2129 899 2234 951 τοῦ
2282 889 2395 950 σώ-

371 999 569 1056 ματος.
703 977 761 1038 b.
805 973 847 1056 ἢ
876 976 965 1039 ὅτι
991 976 1199 1055 μάντις
1228 972 1314 1036 ὢν
1350 974 1672 1057 προέβλεπε
1699 975 1800 1038 καὶ
1837 976 1937 1037 διὰ
1976 986 2151 1039 τοῦτο
2190 979 2396 1057 διαση-

374 1065 621 1145 μότατος
655 1058 750 1145 ἧν.
880 1085 925 1126 0.
972 1062 1359 1149 ὀφθαλμὸν
1393 1063 1592 1143 ἐμᾶς·
1630 1062 1951 1145 ὀφθαλμὸν
1988 1077 2258 1146 στρατιᾶς
2296 1068 2396 1130 τὸν

368 1149 739 1236 Ἀμφιάραον
782 1153 1052 1216 ἐκάλεσεν
1088 1151 1169 1226 ὡς
1205 1153 1457 1232 δυνάμει
1491 1152 1829 1234 προῦχοντα
1865 1152 1965 1215 καὶ
2002 1156 2272 1233 μάντιν’
2253 1156 2398 1218 όντα
2425 1179 2478 1218 10

370 1242 472 1304 καὶ
515 1253 781 1325 προορᾶν
815 1243 886 1304 τὰ
929 1241 1209 1354 μέλλοντα
1245 1242 1607 1322 δυνάμενον·
1657 1240 1969 1354 ὀφθαλμὸς
2003 1244 2115 1325 γὰρ
2151 1243 2397 1328 προῦχει

370 1343 478 1396 τοῦ
533 1332 813 1413 σώματος.
904 1341 1074 1394 τοῦτο
1133 1322 1247 1393 οὖν
1300 1329 1403 1392 καὶ
1454 1329 1552 1392 ἐπὶ
1604 1333 1820 1394 τούτου
1875 1330 2024 1412 λέγει
2076 1343 2182 1395 τοῦ
2227 1359 2397 1414 νικη-

364 1422 580 1505 φόρου.

167 1532 415 1590 Β(ο)οεο
513 1514 593 1571 27
617 1512 672 1571 d.
736 1518 1066 1591 στρατιᾶς
1102 1505 1514 1587 ὀφθαλμόν.
1557 1506 1690 1588 ήτοι
1724 1508 1828 1570 τὸν
1861 1507 1929 1570 ἐν
1964 1508 2196 1592 πολέμῳ
2231 1512 2394 1592 περί-

316 2247 348 2290 Α

374 1605 646 1708 βλεπτον,
690 1597 731 1678 ἢ
774 1596 879 1660 τὸν
922 1607 1188 1679 προορᾶν
1234 1598 1574 1710 δυνάμενον
1612 1597 1684 1658 τὰ
1721 1597 2003 1677 μέλλοντα
2037 1597 2119 1671 ὡς
2163 1598 2391 1678 μάντιν.

377 1688 479 1752 καὶ
522 1681 603 1749 δι’
643 1687 974 1769 ἀμφότερά,
1028 1703 1217 1765 φησιν
1272 1677 1414 1766 ουν,
1459 1692 1636 1748 ποθῶ
1681 1685 1896 1766 αυτὸν,
1952 1687 2040 1748 ὅτι
2084 1709 2144 1748 τε
2188 1689 2395 1768 μάντις

376 1776 610 1860 ἀγαθὸς
661 1775 762 1838 καὶ
814 1774 1165 1855 πολεμιστὴς
1212 1769 1357 1859 (ἀπὸ
1411 1784 1621 1838 κοινοῦ
1675 1775 1741 1837 τὸ
1787 1769 2068 1860 ἀγαθός)·
2117 1777 2258 1857 ὅπερ
2303 1777 2394 1850 ἔξ-

376 1885 532 1930 εστιν
578 1867 764 1928 εἰπεῖν
808 1864 909 1927 καὶ
953 1888 1033 1951 τω
1076 1859 1319 1951 Ἁγησία
1363 1886 1443 1926 τω
1493 1864 1746 1951 δεσπότῃ
1792 1875 1900 1927 τοῦ
1945 1865 2156 1947 ὕμνου.
2229 1867 2289 1927 τί
2331 1864 2396 1928 δὲ

363 1959 536 2043 ἀυτῷ
589 1956 868 2038 πάρεστιν
921 1951 954 2015 ὃ
1010 1953 1111 2016 καὶ
1164 1961 1244 2036 τῷ
1296 1929 1669 2041 Ἀμφιαράω;
1729 1954 1830 2015 καὶ
1886 1957 2092 2034 μάντις
2144 1956 2244 2017 καὶ
2288 1954 2395 2018 ἀν-

363 2048 568 2128 ’δρεῖος
610 2044 680 2107 τὰ
726 2044 791 2106 ἐν
838 2045 1061 2125 μάχαις.
1126 2065 1177 2106 35
1198 2062 1231 2117 Q

289 2147 366 2201 88¹

508 2139 611 2197 29.
676 2127 831 2217 (τότ)
876 2133 941 2195 τὸ
986 2132 1083 2195 ἐπὶ
1120 2126 1492 2213 Ἀμφιαράου
1537 2130 1745 2213 ρηθέν.

504 2229 664 2287 30a.
727 2222 938 2304 ἀνδρὶ
980 2222 1218 2301 κώμου
1266 2220 1601 2282 δεσπόται
1647 2228 1728 2307 τῷ
1773 2221 2272 2311 ἐγκωμιαζομένω.

368 2316 424 2375 b.
368 2309 603 2377 bolov
656 2336 735 2374 τω
778 2306 1121 2425 Ἀμφιαράω
1176 2311 1468 2391 ὑπῆρξεν,
1527 2309 1797 2372 τοιοῦτόν
1852 2329 2004 2390 φησι
2057 2312 2159 2374 καὶ
2205 2314 2394 2375 τούτω

370 2399 501 2466 ἶσον
563 2376 958 2482 ὑμνούμενοι).
1066 2374 1144 2481 ην
1214 2398 1327 2482 γὰρ
1399 2397 1553 2478 ἀνὴρ
1626 2396 1856 2480 ἀγαθὸς
1927 2400 2028 2462 καὶ
2087 2402 2295 2481 μάντις
2355 2376 2392 2463 ὅ

373 2488 663 2574 Ἀγησίας.

515 2684 725 2733 14-17
762 2677 989 2731 Tzetzes
1027 2677 1167 2732 Chil.
1208 2681 1292 2744 10,
1325 2681 1427 2730 739
1449 2694 1528 2745 sq.

516 2864 544 2911 1
585 2857 761 2920 ἄλλως
798 2860 837 2913 Β
852 2858 918 2912 D:
964 2855 1105 2913 ἑπτὰ
1142 2852 1199 2911 δ’
1233 2855 1425 2911 ἔπειτα
1466 2857 1502 2910 Ε
1557 2854 1756 2916 ἄλλως·
1805 2853 1944 2908 ἑπτὰ
1989 2850 2046 2910 δ’
2081 2854 2271 2909 ἔπειτα
2308 2852 2350 2909 ss
2375 2853 2395 2925 ΙΙ

288 2929 292 2933 ’
372 2929 435 2983 τὸ
484 2938 711 2998 σημεῖον
760 2930 927 2984 BDE=
973 2927 1039 2982 τὸ
1083 2925 1306 2982 τοιόνδε
1353 2944 1400 2981 σ.
1442 2925 1483 2982 ss
1519 2942 1625 2979 om.
1668 2926 1706 2980 Ρ
1749 2925 1812 2979 τὸ
1861 2934 2085 3015 σημεῖον
2130 2923 2179 2997 χ’
2219 2940 2266 2979 ν.
2329 2924 2394 2978 In

372 3002 531 3055 textu
570 3000 643 3052 ad
678 2999 733 3053 h.
773 3018 821 3053 v.
853 3001 921 3069 -†-
953 2998 1150 3069 B(8²?)
1196 3001 1215 3068 ΙΙ
1260 3014 1403 3067 φασι
1442 2996 1531 3053 ΕΗ
1673 3002 1706 3050 2
1750 2993 2090 3065 Ἀμφιάρεως
2127 2998 2169 3053 ss
2211 2998 2230 3065 ΙΙ
2273 3005 2396 3058 ταῖς

377 3072 498 3128 Bss:
537 3079 655 3133 τοῖς
692 3072 833 3126 DE?
992 3076 1059 3123 14
1096 3069 1161 3141 1.]
1198 3068 1396 3124 ποθέω
1436 3086 1546 3136 στρ.
1587 3066 1726 3136 ὀφθ.
1770 3067 1811 3124 ss
1843 3070 1872 3193 Β
1915 3066 2178 3137 πολέμοις
2214 3066 2255 3123 ss

377 3148 443 3197 15
479 3141 549 3197 τὰ
597 3140 863 3210 μέλλοντα
909 3140 1227 3209 δυνάμενον
1275 3140 1361 3197 nb
1545 3144 1610 3194 16
1653 3140 1843 3209 ἀμφοτ
1873 3159 1986 3207 ρων
2027 3138 2116 3195 ΕΗ
2158 3142 2177 3209 ΙΙ
2225 3159 2266 3208 φ
2308 3156 2396 3194 σιν

375 3211 477 3270 οὖν
512 3217 679 3267 ποθῶ
726 3214 899 3268 αὐτὸν
948 3212 1170 3280 scripsi.
1224 3229 1398 3281 φησιν
1440 3206 1543 3266 οὖν
1589 3214 1800 3265 παθῶν
1839 3210 2013 3265 αὐτὸν
2052 3213 2088 3266 Ε
2149 3231 2208 3279 φ.
2250 3230 2275 3265 ε
2301 3230 2397 3264 ναι

373 3289 541 3339 ποθῶ
579 3285 669 3337 αὖ.
711 3285 750 3341 ss
806 3279 990 3353 οὖνφ
947 3305 1007 3353 φ.
1046 3286 1212 3337 ποθῶ
1252 3284 1341 3337 αὐ.
1385 3285 1421 3339 Ι)
1479 3299 1655 3351 φησιν
1693 3283 1782 3337 αὖ.
1820 3286 2029 3336 ποθεῖν
2068 3285 2150 3338 Βν
2206 3300 2266 3352 φ.
2295 3301 2397 3336 πο-

373 3359 505 3409 θεῖν
544 3356 632 3409 αὐ.
674 3353 873 3425 0118τι
907 3356 989 3427 τε]
1027 3355 1089 3409 τὸ
1127 3354 1191 3408 δὲ
1232 3354 1273 3410 ss
1329 3353 1412 3417 εἰς
1447 3352 1510 3409 δὲ
1546 3353 1611 3407 τὸ
1637 3368 1670 3409 ν
1798 3357 1864 3406 17
1901 3353 2128 3423 ἀγαθὸς
2144 3354 2395 3425 (pr.)0m

375 3441 408 3482 v
435 3429 454 3498 ΙΙ
480 3426 594 3481 ἀπὸ
632 3446 681 3480 κ.
718 3425 782 3480 τὸ
819 3427 908 3496 ἀγ.
949 3443 1054 3481 om.
1096 3426 1151 3492 G,
1190 3425 1318 3480 add
1347 3426 1412 3479 τὸ
1449 3424 1549 3479 καὶ
1585 3420 1758 3493 ἀνδρί
1785 3427 1804 3495 ΙΙ
1831 3373 1975 3479 ἀπὸγ
1975 3445 2024 3479 κ.
2055 3424 2117 3481 δὲ
2146 3426 2208 3480 τὸ
2238 3425 2326 3497 ἀγ.
2359 3427 2395 3481 Ι)

450 3502 621 3551 17.18
660 3447 891 3561 ἔξεστινγ
904 3512 961 3553 v:
1001 3495 1129 3565 ἑξῆς
1165 3496 1313 3551 ἐστιν
1353 3497 1392 3551 V
1429 3494 1720 3563 (πάρεστιν
1759 3496 1818 3567 G)
1930 3500 1996 3550 18
2036 3498 2099 3553 δὲ
2137 3514 2242 3552 om.
2283 3499 2320 3553 Ε

375 3574 444 3622 20
478 3568 573 3642 τὰ]
609 3588 669 3623 τε
701 3572 736 3625 Ε
845 3574 914 3621 24
953 3563 1073 3623 ἴσον
1102 3568 1455 3637 ὑμνούμενον
1483 3570 1748 3637 corrupta.
1855 3563 1926 3622 '25
1952 3565 2255 3641 Ἀγήσιμος·
2295 3583 2397 3637 ego

2423 1622 2476 1661 15

2425 2067 2476 2106 20

2424 2512 2474 2551 25
