2646 3882
975 244 1193 314 Olymp.
1225 244 1353 298 xm
1390 250 1647 300 98—111
2182 244 2312 310 379

287 421 492 473 ταῦτα·
549 409 807 488 ἀνήλατο
853 408 917 472 δὲ
970 410 1036 473 ἐκ
1080 421 1188 492 τῆς
1239 412 1440 491 κοίτης
1484 411 1585 473 καὶ
1629 409 1792 491 ιἔστη.
1927 413 1984 473 b.
2030 410 2311 493 ἀσμένως.

285 500 601 582 περιχαρὴς
648 499 749 561 ὥν.

424 592 624 651 1039..
702 587 1073 669 συλλαβὼν
1132 588 1364 671 τέραςε
1433 588 1536 651 τὸν
1593 589 1833 671 χαλινὸν
1900 587 2068 670 τέρας
2127 585 2501 670 εἶπεν,8οε0

287 678 376 739 ὅτι
422 677 566 754 ὄναρ
612 678 823 756 φανεὶς
869 679 1028 759 ὕπαρ
1074 677 1276 757 ὤφθη.
1421 679 1479 739 b.
1524 679 1955 760 παρακείμενον
2009 675 2076 739 δὲ
2120 678 2313 759 εὑρὼν
2341 698 2505 754 aneo

234 789 259 829 5
289 767 393 829 τὸν
438 766 678 848 χαλινὸν
730 766 830 828 καὶ
884 765 1228 848 ἀναρπάσας
1282 766 1465 830 αὐτὸν
1509 767 1658 849 πρὸς
1711 766 1815 828 τὸν
1869 768 2080 847 μάντιν
2125 761 2314 847 ἦλθεν

287 854 515 929 εὐθέως
551 855 655 918 τὸν
690 855 1023 939 ἐπιχώριον,
1061 857 1071 932 Ι
1116 855 1293 934 [105.
1342 853 1574 930 δεῖξέν
1609 878 1677 917 τε
1715 854 2167 941 Κοιρανίδᾳε]
2209 856 2313 918 τὸν
2347 875 2511 932 ento

286 945 594 1025 Κοιράνου
655 948 840 1006 παῖδα
902 946 1226 1007 Πολύιδον.
1326 943 1524 1007 ἐλθὼν
1589 942 1652 1005 δὲ
1721 944 1869 1026 πρὸς
1931 944 2036 1007 τὸν
2102 946 2313 1023 μάντιν

290 1029 509 1115 Ιὲδειξε
575 1033 676 1095 καὶ
746 1033 1163 1113 διεσαφήνισεν
1234 1034 1394 1118 αὐτῷ
1451 1033 1562 1112 τὴν
1622 1033 1766 1112 ὅλην
1825 1032 2121 1115 ἀπόβασιν
2179 1043 2286 1096 τοῦ
2315 1054 2523 1110 aeneo

284 1123 622 1204 πράγματος
684 1122 784 1184 καὶ
847 1121 957 1201 τὴν
1020 1123 1404 1200 κατάστασιν,
1480 1121 1657 1199 [106.
1711 1115 1864 1185 ὥστ’
1905 1121 2040 1184 ἀνὰ
2103 1125 2311 1208 βωμῷ

202 1234 256 1274 10
284 1218 461 1283 θεᾶς
506 1211 935 1289 κοιτάξατοε]
995 1211 1155 1285 ὅπως
1209 1234 1269 1273 τε
1325 1210 1420 1273 ἐπὶ
1475 1220 1582 1273 τοῦ
1636 1212 1842 1291 βωμοῦ
1895 1221 2000 1291 τῆς
2046 1204 2312 1291 Ἀθηνᾶς

283 1299 686 1380 ἐκαθεύδησεν
738 1300 803 1362 ἐκ
863 1310 968 1381 τῆς·
1025 1310 1132 1362 τοῦ
1190 1301 1499 1363 Πολυίδου
1557 1301 1951 1382 προμαντείας
2011 1300 2110 1361 καὶ
2163 1317 2311 1380 συμ-

282 1391 536 1470 βουλῆς,
612 1387 692 1461 ὦς
756 1389 940 1451 αὐτοῦ
1012 1392 1566 1471 συμβουλεύσαντος
1628 1389 1787 1475 αὐτῷ
1853 1388 1952 1450 διὰ
2015 1391 2311 1469 μαντείας,

282 1477 613 1557 ἀγωνιῶντι
665 1478 799 1559 περὶ
853 1488 959 1559 τῆς
1012 1488 1261 1560 κατοχῆς
1314 1488 1424 1540 τοῦ
1481 1479 1688 1558 ἵππου,
1728 1472 1736 1561 Ι
1777 1479 2312 1559 παρακαθευδῆσαι
2341 1499 2502 1555 cneo

282 1573 364 1651 τῷ
410 1570 591 1652 βωμῷ
635 1576 741 1647 τῆς
771 1562 1055 1648 Ἀθηνᾶς,
1098 1562 1106 1651 Ι
1150 1568 1326 1647 [109.
1373 1567 1545 1629 ὥστε
1594 1568 1666 1630 οἱ
1707 1567 1882 1628 αὐτὰ
1918 1567 2154 1647 Ζηνὸς
2201 1568 2310 1648 ἕγ-
2345 1588 2464 1644 neo

199 1678 253 1719 15
282 1652 812 1737 χεικεραύνουε]
866 1656 966 1718 καὶ
1022 1657 1183 1730 ὅπως
1228 1656 1380 1736 αὐτὴ
1425 1653 1464 1735 ἡ
1510 1656 1656 1729 θεὸς
1711 1657 1869 1741 αὐτῷ
1915 1655 2162 1738 παρέσχε
2206 1656 2310 1718 τὸν

280 1744 520 1826 χαλινὸν
564 1742 603 1824 ἡ
649 1747 920 1827 θυγάτηρ
966 1756 1070 1807 τοῦ
1115 1745 1560 1828 ἐγχεικεραύνου
1606 1745 1767 1818 Διός.

423 1838 621 1894 1118..
686 1834 1193 1916 δαμασίφρονα
1241 1832 1305 1895 δὲ
1353 1827 1477 1894 εἶπε
1523 1833 1813 1914 χρυσόν,
1860 1822 2012 1920 ἴν’ᾖ
2059 1833 2162 1895 τὸν
2207 1834 2520 1910 τί-Βοοερ

281 1945 443 2004 μιον,
488 1919 529 2001 ’ἢ
576 1922 663 1984 ὅτι
720 1922 1032 2004 διάχρυσος
1086 1914 1165 2004 ἦν
1218 1932 1288 2008 τῇ
1343 1932 1673 2008 κατασκευῇ
1722 1919 1753 1983 ὁ
1804 1923 2065 2004 χαλινός·
2122 1923 2309 2002 δαμά-

285 2014 460 2085 ζοντα
518 2009 582 2072 δὲ
635 2010 700 2072 τὸ
761 2011 1045 2092 φρόνημα
1106 2011 1171 2073 τὸ
1230 2009 1440 2094 ἄγριον
1497 2021 1616 2072 τῶν
1675 2013 1874 2072 ἵππων
1914 2010 1922 2092 Ι
1963 2011 2064 2073 καὶ
2120 2012 2309 2091 ἥμερα
2336 2033 2497 2089 aceo

201 2115 256 2164 ἑο
286 2105 537 2180 φρονεῖν
582 2098 1005 2180 ἀναγκάζοντα.
1085 2100 1185 2162 καὶ
1229 2100 1408 2174 αὐτὸς
1455 2097 1518 2161 δὲ
1565 2098 1596 2161 ὁ
1643 2100 1855 2181 χρυσὸς
1897 2101 2308 2182 δαμασίφρων,

282 2187 407 2250 ἐπεὶ
452 2188 656 2263 ἱκανὸς
702 2188 1011 2270 ἀπατῆσαι.

426 2347 495 2394 20
534 2341 686 2395 Suid.
716 2344 753 2395 δ
763 2363 800 2396 α
810 2362 849 2411 μ
858 2363 896 2396 α
906 2359 937 2396 σ
950 2339 970 2395 ί
981 2362 1024 2411 φ
1034 2363 1067 2411 ρ
1080 2363 1122 2396 ω
1132 2363 1191 2398 νε
1222 2341 1251 2397 ὁ
1283 2343 1572 2412 ἀπατῆσαι
1599 2342 1924 2413 δυνάμενος.
1991 2340 2285 2412 Πίνδαρος
2295 2361 2306 2372 ·

282 2410 683 2485 δαμασίφρονα
717 2412 941 2484 χρυσόν.

428 2564 455 2611 1
495 2565 672 2611 ταῦτα
711 2555 826 2613 Εὓε
863 2555 1041 2610 ταῦτά
1078 2573 1251 2626 φησιν
1292 2558 1375 2611 Bv
1400 2558 1420 2626 ΙΙ
1448 2555 1719 2623 ἀνήλλατο
1759 2558 1800 2611 Β
1854 2554 2025 2622 ἥλατο
2064 2555 2105 2613 ss
2131 2558 2150 2626 ΙΙ
2180 2560 2311 2612 ante

281 2630 409 2698 ἀσμ.
448 2627 683 2682 distinxi
708 2629 728 2698 ΙΙ
755 2627 994 2697 ἄσμενος
1032 2629 1114 2682 Βν
1223 2633 1254 2681 2
1291 2627 1597 2697 περιχαρὴς
1633 2627 1712 2682 ὥν
1748 2644 1854 2681 om.
1887 2629 1971 2682 Bv
2079 2633 2111 2680 3
2146 2626 2313 2696 τέρας

282 2699 346 2756 δὲ
381 2719 427 2754 τ.
458 2722 507 2772 χ.
537 2695 708 2766 εἶπεν,
738 2715 845 2753 om.
874 2698 910 2752 1.
945 2697 1120 2768 Β(0)ν
1228 2703 1262 2750 4
1300 2699 1478 2767 εὑρὼν
1507 2701 1564 2752 eb
1593 2703 1624 2752 5
1653 2699 1750 2753 καὶ
1778 2715 1884 2752 om.
1917 2699 1956 2753 0
2058 2704 2089 2750 5
2129 2698 2311 2766 ἀρπά-

280 2787 387 2835 σας
415 2773 451 2826 Ε
559 2777 591 2825 6
618 2771 780 2824 1.-9
808 2768 1148 2825 κατάστασιν
1176 2772 1305 2838 post
1335 2770 1447 2824 sch.
1473 2775 1620 2824 111a
1651 2772 1734 2825 Βν
1834 2775 1864 2823 6
1892 2768 2311 2841 1.]Κοιρανίδαν

284 2845 341 2898 Β.
400 2841 613 2896 Seolusi
648 2844 666 2911 ΙΙ
712 2838 892 2905 δεῖξαί
932 2842 969 2895 0
1016 2843 1035 2910 ΙΙ
1079 2838 1337 2934 Κρονίδᾳ
1375 2843 1411 2897 Ε
1593 2846 1622 2893 7
1660 2841 1857 2895 2,ιῦιὸον
1895 2843 1931 2896 Ε
1974 2843 1994 2911 ΙΙ
2041 2841 2309 2896 ἐλθὼν-

281 2918 316 2966 8
356 2913 552 2984 ἔδειξε]
590 2913 694 2966 lac.
737 2913 774 2966 0
896 2917 925 2964 7
964 2910 1049 2982 δὲ]
1090 2931 1193 2967 ουν
1232 2914 1317 2967 Βν
1439 2917 1472 2966 8
1509 2910 1622 2966 ἀπό
1663 2928 1791 2967 ασιν
1830 2912 1995 2967 ont:
2034 2912 2311 2967 ὑπόθεσιν

280 2986 445 3052 (ὑπο-
466 3001 601 3038 corr,
623 2999 693 3036 ex
718 2983 858 3036 ἀπο·
878 2981 941 3051 ss)
970 2983 1068 3036 καὶ
1093 2981 1377 3054 ἀπόβασιν
1399 2983 1436 3039 G
1451 2982 1492 3040 ss
1527 2984 1606 3037 ὑπ
1641 2987 1805 3037 θεσιν
1826 2984 1858 3036 h
1951 2989 1984 3037 9
2010 2982 2114 3052 τὴν
2142 2982 2310 3037 κατά·-

283 3072 478 3110 στασιν
517 3054 682 3110 οΕοε
721 3052 1061 3108 κατάστασιν
1101 3056 1140 3109 Β
1185 3055 1423 3109 ἀποκατ.
1455 3055 1492 3110 0
1639 3059 1686 3109 9.
1711 3059 1778 3108 10
1813 3053 1850 3106 l.
1882 3054 2092 3125 (0)Εο;
2132 3070 2237 3108 om.
2269 3055 2310 3108 Β

281 3123 386 3182 ἀπ’
411 3123 629 3181 ἐκείνου
655 3123 881 3195 χρήσιος
900 3124 955 3190 0,
985 3141 1089 3178 om.
1116 3130 1183 3179 10
1212 3123 1364 3187 ὅπως
1380 3157 1451 3166 -
1468 3131 1530 3180 11
1554 3125 1952 3195 ἐκαθεύδησευ.
2001 3124 2214 3179 Seclusi

287 3204 353 3252 10
390 3198 472 3269 τε]
498 3215 559 3264 τε
588 3192 742 3250 εἶπεν
774 3197 813 3250 Β
852 3190 1008 3250 εἶπεν
1035 3211 1067 3250 ν
1094 3198 1113 3265 ΙΙ
1140 3205 1240 3250 τοῦ
1270 3213 1377 3251 om.
1402 3199 1438 3252 Ε
1548 3203 1611 3251 11
1653 3194 1916 3266 μαντείας
1942 3198 2020 3251 ῬΒ
2056 3215 2310 3264 πραγμα-

281 3266 435 3331 τείας
462 3270 498 3324 Ε
629 3272 711 3321 11.
728 3271 792 3320 12
822 3267 918 3320 καὶ
946 3269 1104 3337 συμβ.
1127 3285 1233 3322 om.
1258 3270 1295 3323 D
1428 3273 1494 3322 12
1523 3269 1619 3339 ὡς]
1648 3267 1753 3322 lac.
1779 3270 1814 3323 Ε
1841 3270 1860 3338 ΙΙ
1888 3269 2062 3321 αὐτοῦ
2093 3283 2138 3320 σ.
2161 3267 2308 3337 αὐτῷ

285 3339 399 3397 Ess:
421 3340 571 3411 αὐτῷ
601 3356 646 3393 σ.
669 3339 843 3392 αὐτοῦ
866 3339 905 3392 Β
944 3339 1094 3410 αὐτῷ
1125 3355 1170 3392 σ.
1192 3341 1320 3408 (om.
1343 3339 1519 3393 αὐτοῦ
1549 3339 1648 3393 διὰ
1676 3341 1857 3409 μαντ.)
1875 3339 2015 3394 0099
2116 3343 2181 3391 13
2210 3357 2310 3390 κα-

281 3413 566 3479 θευδῆσαι
587 3410 675 3467 00
797 3413 960 3463 14.Ιὸ
988 3409 1024 3462 l.
1048 3409 1139 3465 ΕΟ
1167 3411 1226 3464 et
1252 3428 1359 3465 om.
1383 3411 1578 3480 ἐγχεικ.
1603 3412 1669 3478 03
1699 3409 1902 3463 seclusi
2012 3412 2077 3462 15
2109 3405 2241 3474 ὅπερ
2274 3408 2310 3462 Ε

383 3486 449 3535 18
487 3477 840 3550 θαυμασίφρ.
865 3481 901 3535 Ε
928 3482 946 3549 ΙΙ
976 3479 1037 3535 δὲ
1066 3497 1172 3536 om.
1195 3481 1232 3536 0
1258 3483 1279 3552 ΙΙ
1306 3479 1514 3554 χρυσόν
1546 3480 1763 3538 ΒΕΕὓε
1792 3480 1892 3534 τὸν
1927 3499 2010 3550 χρ.
2043 3478 2130 3534 00
2179 3497 2308 3547 χρυ-

282 3557 421 3607 σοῦν
450 3551 601 3606 Beck
628 3553 647 3621 ΙΙ
674 3549 709 3620 ἢ
730 3583 799 3591 —
817 3549 1066 3623 χαλινός]
1094 3549 1129 3620 ἢ
1157 3552 1257 3607 τὸν
1285 3550 1614 3622 χρυσίζοντα
1645 3553 1682 3606 0
1711 3553 1729 3619 11
1759 3554 1886 3618 δαμ.
1908 3581 1976 3589 -
2000 3554 2066 3602 19
2095 3546 2306 3618 ἵππων]

280 3619 321 3691 ἢ
354 3624 453 3678 τὸν
492 3627 619 3693 δαμ.
658 3623 721 3677 τὸ
760 3622 958 3691 ἄγριον
994 3644 1089 3691 φρ.
1117 3627 1218 3677 τοῦ
1257 3621 1432 3678 ἵππου
1472 3623 1509 3680 0
1619 3627 1687 3676 20
1724 3622 1820 3675 καὶ
1857 3637 1963 3674 om.
1995 3618 2032 3675 0
