2646 3882
955 187 1172 256 olymp.
1202 187 1333 241 vm
1368 192 1595 242 64—71
2148 188 2283 253 255

402 358 486 415 ‘10
501 355 558 413 b.
632 354 1066 427 σπουδάζουσιν
1128 355 1214 427 εἰς
1275 353 1574 435 ὑπεροχὴν
1637 354 1811 435 ἔχειν·
1878 352 1976 416 διὸ
2040 350 2172 417 οὐδ’
2204 356 2278 416 ἓν
2306 374 2339 418 ε

263 437 404 524 παρ’
444 443 646 525 αὐτοῖς
691 441 812 504 ἐστι
855 443 1120 524 τερπνόν.

401 536 483 593 70
503 552 550 593 ο.
613 531 915 613 τερπνὸν
962 526 1019 592 δ’
1051 530 1124 593 ἐν
1169 530 1585 614 ἀνθρώποις
1623 532 1780 594 ἴσον
1817 530 2093 593 ἔσσεται
2130 532 2251 594 οὗ·
2280 552 2491 608 Βοοεο

265 619 411 682 δένε
467 620 744 703 διάφοροι
787 630 905 682 τῶν
949 625 1215 683 παλαιῶν
1259 619 1560 703 ἐξηγήσεις
1614 620 1746 702 περὶ
1790 632 1962 683 τοῦτο
2006 621 2281 703 γεγόνασι

209 730 234 770 5
263 708 329 769 τὸ
377 708 573 789 ῥητόν.
665 710 729 770 οἱ
767 707 876 789 μὲν
920 709 1031 792 γὰρ
1068 710 1283 782 οὕτως·
1330 708 1553 789 ἐπειδή,
1598 728 1765 789 φασι,
1813 710 2106 791 διεχώρισε
2141 711 2279 783 τοὺς

263 797 450 871 θεοὺς
503 797 605 859 καὶ
660 795 905 859 ἕκαστον
961 798 1062 859 ἐπὶ
1117 798 1256 872 τοὺς
1314 797 1743 879 ἀρεσκομένους
1799 797 1979 882 ἤγαγε
2038 799 2280 878 τόπους,

265 887 494 959 οἰκείως
540 886 741 969 ἐπάγει
785 887 848 948 τὸ
895 892 1108 967 κῶλον,
1155 887 1243 948 ὅτι
1293 888 1433 961 ἴσως
1480 886 1657 949 οὐδὲν
1702 887 1951 967 τερπνόν
1996 886 2115 949 ἐστι
2158 894 2281 960 τοῖς

263 985 466 1054 πᾶσιν,
512 974 646 1038 οὔτε
683 974 804 1055 μὴν
842 975 1186 1056 ἀνθρώποις
1224 974 1358 1037 οὔτε
1394 982 1577 1049 θεοῖς.
1652 978 1715 1038 οἱ
1737 974 1801 1037 δὲ
1829 978 2039 1050 οὕτως·
2077 975 2278 1055 ἐπειδὴ

261 1062 581 1149 καινοτέρῳ
617 1070 698 1149 τῷ
734 1064 932 1150 τρόπῳ
967 1074 1086 1125 τῶν
1124 1064 1428 1146 ἐγκωμίων
1466 1064 1759 1145 ἐπιβάλλει
1795 1072 1945 1147 τρεῖς
1981 1065 2102 1145 ἅμα
2128 1059 2275 1125 καθ’

181 1175 234 1215 1ο
263 1151 368 1214 ἕνα
413 1151 677 1215 ἐπίνικον
721 1152 1113 1234 ἐγκωμιάσας,
1169 1152 1317 1232 φασὶ
1361 1154 1465 1215 τὸν
1510 1154 1820 1236 Πίνδαρον
1869 1153 2055 1234 λέγειν
2101 1154 2280 1235 ὑπερ-

263 1242 742 1323 απολογούμενον
788 1250 892 1303 τοῦ
937 1241 1345 1323 ἐγχειρήματος
1382 1252 1587 1305 ταῦτα·
1637 1240 1815 1305 οὐδὲν
1852 1243 1993 1316 ἴσως
2028 1243 2278 1325 τερπνόν

262 1328 382 1391 ἐστι
425 1336 546 1403 τοῖς
593 1341 798 1391 πᾶσιν·
846 1330 900 1392 εί
931 1330 1042 1412 γὰρ
1089 1329 1267 1409 ἀηδὲς
1301 1341 1473 1393 τοῦτο
1518 1338 1640 1404 τοῖς
1676 1329 1875 1405 ἄλλοις
1914 1333 2099 1402 δοκεῖ,
2148 1326 2271 1393 ἀλλ’

260 1410 373 1481 οὗν
417 1417 546 1500 ἐμοὶ
589 1417 926 1501 προσφιλές.
968 1419 978 1501 Ι
1018 1418 1097 1493 ὥς
1123 1417 1386 1501 1’Όμηρος
1432 1413 1491 1504 (ξ
1532 1414 1715 1503 228)·
2308 1441 2473 1498 80Εο

480 1524 653 1599 ἀλλος
697 1528 808 1608 γάρ
852 1520 903 1586 τ’
935 1525 1199 1588 ἄλλοισιν
1245 1525 1396 1608 ἀνὴρ
1442 1525 1801 1609 ἐπιτέρπεται
1847 1526 2053 1609 ἔργοις.

180 1654 233 1694 15
350 1633 404 1691 d.
451 1629 661 1705 ἄλλως·
710 1632 817 1713 οὐχ
863 1631 1079 1712 ὁμοίως
1116 1631 1212 1694 ἐπὶ
1255 1639 1379 1706 τοῖς
1416 1634 1617 1706 αὐτοῖς
1652 1632 1963 1715 τέρπονται
1996 1634 2275 1706 ἅπαντες·
2306 1655 2426 1711 8Εο

259 1718 432 1793 ἀλλος
476 1719 587 1802 γὰρ
631 1718 772 1783 ἀλλο
817 1722 1134 1803 προκρίνει.
1209 1720 1388 1784 οὐδὲν
1434 1720 1497 1784 δὲ
1541 1732 1647 1784 τοῦ
1683 1733 1857 1784 νικᾶν
1894 1723 2276 1804 τερπνότερον

259 1808 419 1890 παρὰ
464 1816 586 1881 τοῖς
632 1808 994 1887 ἀνθρώποις.

398 1902 476 1959 71
500 1919 552 1960 a.
618 1898 680 1960 εἰ
722 1892 781 1959 δ’
823 1896 952 1980 ἐγὼ
999 1900 1353 1978 Μελησίατ
1410 1900 1464 1962 εἰ
1515 1898 1579 1962 δὲ
1631 1898 1743 1983 ἐγὼ
1797 1898 1861 1962 ἐκ
1905 1909 2025 1962 τῶν
2070 1900 2335 1981 ὕμνωνΑ

219 2053 228 2058 ,
263 1997 381 2049 τῶν
429 1985 708 2069 ἀγενείων
752 1986 848 2048 ἐπὶ
892 1989 955 2049 τὸ
1002 1998 1108 2050 τοῦ
1144 1989 1457 2067 Μελησίου
1502 1990 1686 2062 κῦδος
1724 1988 2079 2070 ἀνέδραμον,
2126 1987 2274 2068 μηδὲ

182 2100 236 2138 20
266 2069 351 2148 εἷς
397 2075 638 2154 φθόνον
685 2074 978 2156 μέμψαιτό
1022 2100 1155 2157 μου.
1289 2079 1346 2136 b.
1392 2075 1604 2151 ἄλλως·
1652 2079 1706 2140 εἰ
1740 2073 1797 2138 δ’
1829 2078 1961 2159 ἐγώ,
1998 2096 2164 2158 φησι,
2210 2078 2275 2138 τὸ

259 2163 579 2247 γενόμενον
632 2170 712 2248 τῷ
760 2168 1039 2250 Μελησίᾳ
1092 2165 1156 2226 ἐκ
1211 2175 1327 2226 τῶν
1383 2165 1662 2246 ἀγενείων
1712 2168 1895 2240 κῦδος
1940 2165 2277 2248 ἀνέδραμον

259 2258 341 2336 τῷ
387 2253 584 2339 ὕμνῳ,
628 2263 734 2315 τοῦ
777 2247 1216 2332 Ἀλκιμέδοντος
1261 2253 1581 2334 ἀφέμενος·
1638 2250 1789 2334 οἷον,
1834 2255 2129 2337 παρεκβὰς
2174 2249 2277 2336 ἧλ-

259 2348 382 2403 θον
419 2335 511 2402 ἐπ’
554 2341 758 2403 αὐτόν·
806 2340 1140 2424 ἀνέδραμον
1179 2341 1242 2404 δὲ
1279 2353 1395 2405 νῦν
1432 2343 1549 2423 ἔφη
1587 2343 1686 2405 διὰ
1722 2343 1785 2405 τὸ
1822 2342 2276 2426 προγενεστέραν

260 2424 414 2491 εἶναι
458 2429 566 2509 τὴν
610 2441 715 2492 τοῦ
759 2432 1071 2510 Μελησίου
1117 2433 1293 2511 νίκην
1340 2441 1445 2512 τῆς
1491 2432 1826 2511 ἐνεστώσης,
1909 2431 2056 2494 ἔνιοι
2103 2431 2165 2494 δὲ
2212 2432 2273 2494 τὸ

179 2541 232 2582 25
263 2517 595 2599 ἀνέδραμον
642 2518 987 2582 ἀκούουσιν·
1009 2519 1141 2582 ἀντὶ
1183 2531 1289 2584 τοῦ
1338 2521 1813 2603 ἀναδραμοῦμαι·
1870 2516 2032 2600 οἷον,
2078 2522 2131 2582 εἰ
2171 2521 2276 2582 τὸν

261 2606 531 2688 ἀθλητὴν
583 2608 921 2670 καταλιπὼν
973 2608 1069 2671 ἐπὶ
1121 2609 1224 2671 τὸν
1262 2609 1540 2690 ἀλείπτην
1585 2609 1893 2690 ἐλεύσομαι
1936 2610 2038 2671 καὶ
2083 2609 2273 2691 ὑμνή-

260 2713 364 2777 σω,
411 2697 615 2776 μηδεὶς
662 2693 782 2780 [δέ]
839 2721 909 2778 με
965 2699 1318 2779 μεμψάσθω.
1395 2695 1659 2780 Ὅμηρος
1706 2692 1767 2782 (ρ
1811 2693 1947 2781 14)·
2008 2697 2039 2759 ὅ
2084 2701 2274 2774 ξεῖνος

259 2787 420 2866 εἴπερ
466 2787 618 2865 μάλα
662 2788 874 2866 μηνίει.

404 2944 435 2992 3
483 2938 880 2996 ἴσον-οὐδέν
917 2957 1024 2994 om.
1065 2941 1102 2997 G
1159 2939 1281 2995 ἴσον
1321 2941 1535 2995 ἔσσεται
1572 2958 1677 2995 om.
1720 2939 1809 2997 ΕΠ
1857 2940 2067 2994 ἔσσεται
2106 2937 2273 2993 οὐδέν

262 3027 366 3064 om.
408 3012 445 3066 D
492 3013 511 3080 ΙΙ
557 3006 680 3066 ἶσον
719 3010 898 3066 ἔσεται
936 3011 1094 3065 codd.
1259 3017 1306 3064 3.
1330 3016 1363 3063 4
1402 3009 1526 3066 οὐδ’
1562 3011 1623 3066 ἓν
1662 3014 1698 3067 Ε
1842 3015 1873 3064 5
1922 3028 2062 3079 φασι
2097 3009 2271 3064 Beck:

262 3097 398 3149 φησι
542 3085 574 3134 9
611 3081 1118 3152 καινοτέρ(ου>οτοῢ
1154 3081 1366 3150 τρόπον
1398 3085 1433 3137 Ε
1462 3086 1479 3152 ΙΙ
1505 3082 1721 3209 τρόπφέ
1744 3083 2021 3154 προσώπῳ
2053 3084 2090 3136 D
2134 3081 2275 3134 ἀσω-

258 3156 345 3222 πῷ
384 3151 421 3207 0
459 3154 585 3222 (om.
627 3161 739 3208 τῶν
777 3154 908 3224 ἐγκ.)
1091 3159 1157 3208 10
1196 3151 1449 3209 ἐπίνικον
1487 3154 1654 3210 80οε
1720 3149 1972 3208 πινίκιον
2012 3154 2100 3209 ΒΕ

263 3227 346 3276 10.
370 3228 432 3276 11
472 3222 1068 3294 ὑπεραπολογουμένου
1108 3227 1144 3279 Ε
1290 3231 1355 3279 11
1396 3224 1525 3286 ἴσως
1563 3226 1676 3280 ΒΕε
1716 3224 1846 3287 ἴσως
1882 3226 1955 3285 ὡς
1993 3222 2135 3279 000

263 3299 329 3348 12
358 3301 474 3355 τοῖς
494 3295 618 3364 (pr.)
640 3296 806 3352 BEss:
835 3304 952 3357 τοῖς
979 3296 1308 3364 ἀνθρώποις
1329 3295 1417 3351 01)
1446 3298 1465 3365 ss
1493 3296 1677 3357 ἀειδὲς
1697 3294 1788 3351 Eu
1898 3300 1963 3348 14
1993 3289 2273 3360 ἐπιτρέπε-

257 3383 354 3418 ται
393 3366 429 3418 Ε
573 3372 638 3419 16
678 3365 806 3420 ἀλλο
845 3366 950 3436 γὰρ
988 3366 1150 3428 ἄλλος
1189 3366 1278 3422 ΕΠ
1358 3401 1365 3408 -
1432 3372 1513 3420 19.
1538 3373 1605 3420 20
1644 3365 1783 3436 μκηδὲ
1820 3361 1900 3426 εἶς
1936 3381 2063 3434 ego:
2102 3361 2174 3430 μὴ
2213 3361 2274 3413 δὲ

261 3435 340 3498 εἰς
376 3435 419 3490 Α
457 3437 648 3504 μηδεὶς
683 3437 762 3500 εἰς
788 3437 1096 3492 Mommsen
1133 3437 1312 3508 suppl.
1353 3457 1405 3506 p.
1439 3443 1541 3491 113
1651 3443 1716 3490 22
1754 3436 2039 3505 παραβὰςε
2079 3447 2181 3500 ego

261 3512 328 3559 23
366 3506 819 3575 προγενέστερον;
852 3511 884 3564 b
994 3515 1060 3564 25
1100 3506 1240 3577 οἷον,
1277 3509 1327 3563 εἰ
1364 3525 1493 3580 ego:
1534 3507 1707 3564 οἱονεὶ
1828 3512 1910 3559 26.
1933 3509 2000 3558 27
2037 3499 2272 3570 ὑμνήσο-

259 3597 360 3648 μαι
397 3577 488 3632 Am
607 3583 673 3630 27
713 3579 776 3634 δὲ
813 3580 1012 3634 seclusi
1121 3586 1188 3634 28
1227 3589 1416 3650 μηνιεῖ
