2646 3882
304 210 434 276 268
1203 210 1430 266 Scholia

307 372 414 439 ὑπ’
451 373 806 490 Ἀρχιλόχου,
851 378 1022 457 φησὶ,
1070 378 1297 459 λεχθεὶς
1343 378 1535 457 ὕμνος
1549 376 1842 493 ἤρκεσεν·
1890 376 1923 439 6
1962 368 2019 439 δ’
2052 372 2159 439 ὑπ’
2192 378 2341 459 ἐμοῦ

98 484 308 541 aeneo
337 476 454 528 νῦν
499 466 755 549 γεγονὼς
802 468 1145 549 ῥηθήσεται.
1187 466 1198 549 Ι
1237 466 1382 539 ἔθος
1432 465 1494 527 ὁὲ
1538 460 1618 547 ἧν
1662 468 1951 546 κωμάζειν
2008 467 2117 546 τὴν
2164 468 2345 581 νίκην

305 553 552 636 ἑσπέρας
597 562 721 629 τοῖς
765 556 1121 637 νικηφόροις
1168 550 1290 637 μετ’
1332 556 1619 635 αυλητοῦ·
1670 554 1751 635 μὴ
1798 556 2093 641 παρόντος
2132 555 2195 618 δὲ
2233 558 2346 619 αὐ-

306 649 486 722 λητοῦ
543 639 627 718 εἷς
682 655 800 706 τῶν
855 643 1099 726 ἑταίρων
1148 645 1629 726 ἀνακρουόμενος
1675 644 1852 727 ἔλεγε·
1912 645 2159 724 τήνελλα
2202 651 2342 707 καλ-

113 752 276 808 ecto
307 734 506 795 λίνικε.
643 736 679 793 i.
726 733 940 807 ἄλλως·
985 734 1053 795 τὸ
1099 732 1205 815 μὲν
1244 729 1579 815 Ἀρχιλόχου
1627 732 1830 813 μέλος,
1884 730 1917 795 ὃ
1964 740 2088 807 τοῖς
2134 744 2346 796 νικῶσι
2404 756 2430 797 5

308 822 380 883 τὰ
440 816 729 902 Ὀλύμπια
791 820 1040 909 ἐπῄδετο
1056 869 1074 903 ,
1136 817 1215 905 ἧν
1278 824 1666 905 τρίστροφον,
1727 832 1944 895 κοινῶς
2005 823 2344 903 δυνάμενον

311 909 585 992 ἁρμόζειν
640 910 740 973 ἐπὶ
792 912 1012 984 παντὸς
1065 912 1400 994 νικηφόρου
1460 910 1558 973 διὰ
1612 911 1678 972 τὸ
1722 910 1873 973 κατὰ
1926 920 2033 992 τῆς
2077 913 2347 993 πράξεως

316 1000 501 1079 αὐτῆς
554 1000 736 1079 ψιλὸν
793 1000 944 1081 ἔχειν
987 1001 1092 1063 τὸν
1137 1002 1345 1082 λόγον,
1401 1000 1544 1080 μητε
1590 998 1733 1061 δὲ”
1701 1022 1893 1081 ονομα
1938 1002 2081 1080 μήτε
2126 1002 2345 1081 ἰδίωμα

161 1108 282 1164 nto
313 1087 735 1169 ἀγωνίσματος.
782 1089 1082 1202 ἕφυμνίφ
1122 1088 1184 1152 δὲ
1220 1099 1581 1171 κατεχρῶντο
1618 1090 1830 1175 τούτῳ
1872 1090 1882 1166 l
1922 1090 2167 1167 τήνελλα
2202 1095 2344 1151 καλ-

308 1179 507 1239 λίνικε.
599 1180 682 1264 τῷ
739 1170 851 1240 ουν
904 1154 1325 1265 Ἐφαρμόστῳ,
1380 1178 1598 1257 φησὶν,
1652 1176 1935 1259 έπηρκεσε
1984 1189 2343 1261 παραχρῆμα
2371 1201 2427 1240 ιο

311 1265 460 1328 κατὰ
521 1266 634 1345 τὴν
689 1264 1014 1348 Ολυμπίαν
1078 1278 1249 1331 τοῦτο
1310 1267 1376 1329 τὸ
1438 1266 1609 1346 μέλος
1667 1268 1997 1346 κωμάζοντι
2052 1268 2164 1330 σὺν
2220 1273 2345 1341 τοῖς

101 1372 315 1430 acuto
343 1354 612 1435 ἑταίροις.
748 1359 805 1416 k.
853 1357 916 1418 τὸ
965 1354 1028 1417 δὲ
1075 1356 1347 1438 τριπλόος
1390 1355 1479 1417 ότι
1512 1355 1637 1439 τρὶς
1674 1354 2065 1418 ἕπεκελάδουν
2100 1356 2166 1418 τὸ
2202 1362 2344 1418 καλ-

311 1445 510 1506 λίνικε.
586 1445 660 1507 οὐ
695 1444 964 1506 καθόλου
1003 1443 1066 1506 δὲ
1102 1444 1250 1526 τρὶς,
1296 1440 1423 1505 ἀλλ’
1467 1445 1554 1506 ὅτι
1590 1449 1841 1525 τριπλῆν
1879 1443 1991 1525 ε’χει
2027 1444 2138 1523 τὴν
2174 1462 2343 1523 στρο-

311 1532 440 1611 φὴν
495 1532 595 1594 καὶ
648 1534 826 1594 πάλιν
890 1533 1379 1615 ἀναλαμβάνει-αι.
1466 1529 1901 1642 Ἐρατοσθένης
1958 1531 2023 1595 δέ
2078 1528 2162 1616 (p.
2184 1538 2340 1606 „226

312 1615 558 1704 Bernh.)
605 1639 755 1700 φησι
801 1621 882 1702 μὴ
928 1622 1222 1684 ἐπινίκιον
1269 1615 1425 1684 εἷναι
1467 1622 1533 1684 τὸ
1574 1615 1907 1705 Ἀρχιλόχου
1953 1622 2154 1702 μέλος,
2209 1618 2338 1685 ἀλλ’
2373 1644 2425 1685 1⁵

313 1710 508 1789 ῧμνον
548 1711 632 1784 εἰς
649 1707 964 1792 Ἡρακλέα·
1003 1711 1281 1793 τριπλόον
1311 1709 1375 1771 δὲ
1414 1711 1486 1773 οὐ
1525 1711 1624 1773 διὰ
1662 1710 1725 1772 τὸ
1764 1710 1829 1772 ἐκ
1864 1720 2040 1792 τριῶν
2068 1722 2344 1792 στροφῶν

314 1805 694 1879 συγκεῖσθαι,
755 1799 897 1860 ἀλλὰ
955 1800 1053 1861 διὰ
1109 1800 1172 1862 τὸ
1227 1798 1355 1881 τρὶς
1398 1798 1868 1879 έφυμνιάζεσθαι
1922 1800 1985 1860 τὸ
2030 1802 2342 1863 καλλίνικε.

123 1905 291 1963 nuto
325 1882 334 1970 1
363 1887 498 1970 περὶ
545 1886 607 1950 δὲ
652 1898 757 1950 τοῦ
803 1889 1048 1968 τήνελλα
1086 1883 1524 1974 Ἐρατοσθένης
1570 1888 1757 1969 φησὶν
1809 1888 1897 1951 ὅτι
1943 1888 2036 1951 ὅτε
2084 1886 2115 1952 6
2163 1891 2345 1971 αὐλη-

313 1977 418 2057 τὴς
463 1976 503 2057 ἢ
552 1977 583 2038 6
629 1978 980 2059 κιθαριστὴς
1027 1978 1108 2060 μὴ
1155 1989 1384 2060 παρῆν,
1441 1976 1475 2039 6
1522 1977 1761 2060 ἔξαρχος
1812 1978 1955 2040 αὐτὸ
2001 1979 2342 2060 μεταλαβὼν

312 2066 507 2149 ἔλεγεν
553 2067 662 2140 ἔξω
708 2078 815 2130 τοῦ
863 2067 1097 2149 μέλους,
1145 2066 1176 2129 6
1225 2066 1288 2129 δὲ
1333 2077 1453 2129 τῶν
1495 2077 1819 2147 κωμαστῶν
1855 2067 2028 2177 χορὸς
2064 2067 2342 2150 ἐπέβαλλε
2372 2091 2426 2129 20

311 2156 376 2218 τὸ
422 2158 742 2234 καλλίνικε,
787 2156 888 2218 καὶ
933 2158 1088 2220 οὕτω
1126 2158 1547 2237 συνειρόμενον
1584 2154 1789 2238 γέγονε
1825 2157 1888 2218 τὸ
1925 2157 2168 2235 τήνελλα
2203 2163 2342 2221 καλ-

312 2247 512 2306 λίνικε.
604 2243 643 2325 ἡ
709 2244 772 2306 δὲ
831 2245 980 2328 ἀρχὴ
1038 2257 1144 2308 τοῦ
1205 2245 1417 2326 μέλους
1476 2243 1657 2306 ἐστίν·
1724 2239 1770 2306 ὦ
1828 2247 2125 2308 καλλίνικε
2181 2254 2344 2330 χαῖρε

311 2332 458 2409 άναξ
501 2327 824 2415 εΗράκλεες.

121 2440 289 2497 Bono
455 2428 510 2483 2.
567 2434 854 2533 φωνᾶεν
885 2418 1248 2508 Ὀλυμπίᾳε
1286 2447 1347 2485 οι
1383 2419 1491 2503 μὲν
1526 2423 1978 2504 προσγράφουσι
2009 2429 2090 2508 τῷ
2128 2433 2167 2485 ὀἳ
2204 2423 2266 2487 τὸ
2303 2429 2341 2486 ἴ

312 2510 412 2571 καὶ
456 2510 743 2573 ἀκούουσι
788 2522 986 2596 φωνῇ,
1029 2511 1095 2573 τὸ
1143 2522 1213 2597 τῇ
1260 2523 1439 2596 φωνῇ
1476 2509 1710 2591 λεχθέν·
1760 2512 1823 2572 οἱ
1861 2509 1924 2572 δὲ
1963 2511 2343 2595 ἀπόστροφον
2370 2535 2428 2575 25

313 2598 576 2672 τιθέντες
615 2601 679 2662 ἐν
715 2607 796 2685 τῷ
835 2611 873 2660 ἇ
911 2601 975 2661 τὸ
1013 2598 1306 2679 φωνηθὲν
1342 2600 1443 2660 καὶ
1478 2601 1971 2681 πολυθρύλλητον
2000 2600 2341 2664 ἀκούουσιν.

459 2811 486 2858 1
529 2807 666 2874 φησὶ
704 2823 810 2860 om.
855 2809 891 2861 D
1039 2812 1072 2860 3
1110 2807 1166 2869 ἐς
1201 2805 1378 2874 πέρας
1412 2820 1445 2860 ν
1483 2808 1640 2875 (corr
1680 2806 1873 2875 Pauw)
2018 2813 2051 2859 4
2089 2826 2340 2876 προανα-

313 2875 654 2946 κρουόμενος
685 2879 720 2932 Ε
797 2885 862 2932 5
903 2875 1016 2949 ὃ]““
985 2898 1019 2945 η
1051 2879 1086 2932 Ε
1197 2883 1246 2931 5.
1270 2883 1301 2930 6
1331 2886 1448 2939 τοῖς
1476 2876 1810 2946 νικηφόροις
1835 2887 1947 2933 τῶν
1979 2874 2103 2933 Ὀλύ
2190 2900 2268 2934 ων
2298 2879 2341 2938 ss

421 2953 452 3000 6
491 2958 783 3010 κοινῶς-
802 2955 832 3002 9
871 2947 1151 3003 καλλίνικε
1176 2950 1308 3017 post
1336 2955 1402 3002 21
1432 2949 1494 3002 τὸ
1522 2945 1803 3004 καλλίνικε
1830 2952 1938 3018 trp.
1962 2949 2108 3018 Sybe
2159 2955 2341 3018 Ρ.196

422 3024 451 3072 7
491 3020 589 3074 διὰ
624 3020 687 3074 τὸ
727 3037 833 3074 om.
867 3022 902 3075 Ε
948 3023 966 3090 ΙΙ
1015 3020 1182 3091 κατὰ]
1221 3021 1318 3074 κἀὶ
1358 3020 1441 3076 ssv
1595 3025 1626 3072 9
1664 3030 2011 3091 κατεχρῶντο
2053 2967 2197 3077 ΒΟεΡ
2210 3019 2338 3074 κατ’

313 3091 448 3145 αὐτὸ
490 3091 730 3162 ἐχρῶντο
771 3091 901 3161 (0)Ε
1058 3097 1123 3145 10
1163 3092 1337 3160 φησὶν
1375 3108 1479 3145 om.
1524 3092 1560 3145 Ε
1717 3098 1779 3145 11
1818 3100 1937 3154 τοῖς
1972 3109 2077 3145 om.
2121 3093 2160 3146 Β

315 3168 380 3215 12
416 3163 536 3229 τρὶς
580 3179 688 3216 om.
731 3165 767 3217 Ε
812 3165 831 3232 ΙΙ
886 3162 1258 3218 ἐπεκελάδουν
1299 3160 1509 3231 Β(Ε)(1ε
1559 3161 1861 3217 ἐκελάδουν
1900 3163 1988 3218 01)
2173 3167 2238 3215 13
2276 3163 2342 3217 δὲ

312 3249 418 3286 om.
461 3232 502 3290 ss
630 3239 694 3287 17
731 3243 880 3300 τρεῖς
919 3233 1003 3287 ΕΝ
1132 3239 1198 3287 18
1237 3233 1300 3288 δε
1340 3251 1445 3287 om.
1472 3233 1541 3357 Ε2
1637 3238 1700 3286 19
1740 3233 1916 3287 αὐτοῦ
1955 3234 1992 3288 Ε
2110 3237 2177 3286 20
2217 3232 2344 3288 ἐπέ-

312 3304 444 3373 βαλε
482 3305 567 3358 Βν
659 3327 664 3332 ’
735 3310 800 3358 21
841 3304 1237 3395 συνειρημένον
1278 3306 1314 3360 Ε
1614 3312 1737 3372 ατρε
1776 3320 1881 3357 om.
1924 3305 1959 3358 Ε
2115 3310 2183 3357 24
2223 3326 2343 3375 φω-

313 3382 450 3427 νᾶεν
490 3370 596 3428 ’.Ολ
647 3374 711 3430 ss:
763 3384 928 3443 φωνᾶ
977 3375 1036 3431 ἐν
1071 3375 1173 3430 Ὀλ.
1217 3378 1256 3431 Β
1309 3383 1539 3446 φωνᾶεν
1472 3309 1615 3430 ῃὸ
1673 3383 1838 3442 φωνᾶ
1877 3391 1917 3428 s.
1959 3385 2207 3443 φωναῶν
2248 3379 2285 3432 Ι)
2322 3376 2345 3450 η

311 3449 386 3514 τῷ
427 3443 595 3500 800:
637 3444 715 3506 εἰς
750 3446 814 3500 τὸ
856 3449 892 3501 D
939 3449 958 3516 ΙΙ
1001 3447 1064 3500 τὸ
1104 3464 1212 3502 om.
1253 3449 1290 3502 D
1462 3451 1610 3514 25φ
1568 3453 1729 3532 quuqu‘y
1770 3447 1893 3516 (pr)
1933 3463 2039 3500 om.
2081 3446 2163 3503 cv

314 3521 380 3568 26
417 3514 671 3577 τιθέντες
708 3517 768 3570 ἐν
804 3522 880 3586 τῷ
920 3522 957 3570 ἅ
995 3517 1137 3574 8²0:
1184 3517 1413 3573 τιθέναι
1451 3517 1511 3571 ἐν
1547 3536 1622 3588 τφ
1661 3520 1697 3568 ἃ
1735 3515 1776 3573 ss
1827 3515 2055 3572 τιθέναι
2094 3519 2157 3574 ἐν
2191 3524 2268 3591 τῷ
2306 3523 2345 3570 ἄ

312 3587 408 3639 καὶ
447 3588 484 3641 Ι)
541 3584 795 3642 τίθενται
834 3571 893 3642 έν
930 3593 1005 3658 τῷ
1044 3599 1080 3642 οἳ
1117 3592 1214 3643 καὶ
1254 3590 1321 3644 Β1
