2646 3882
996 196 1215 267 olymp.
1242 197 1294 250 X
1333 201 1561 251 86—95
2153 196 2284 261 335

254 374 438 427 ταῦτα
490 364 603 445 γὰρ
659 362 881 446 ἐγένετο
935 375 1041 427 τοῦ
1104 363 1352 445 ἓσπέρου
1408 364 1508 425 καὶ
1562 373 1670 425 τοῦ
1724 364 1942 425 σκότου
1992 387 2284 445 καταυγα-

254 451 509 534 ζομένου
546 452 664 515 ὑπὸ
700 462 806 532 τῆς
843 458 1193 533 σεληνιακῆς
1230 454 1436 534 αὐγῆς.
1570 454 1624 513 b.
1674 450 1924 533 ἐρατὸν
1961 450 2025 513 δὲ
2072 454 2285 531 φάος,

252 543 317 603 τὸ
364 540 766 621 πανσέληνον·
822 548 1060 604 τελεῖται
1103 542 1215 623 γὰρ
1260 542 1408 603 κατὰ
1451 542 1924 622 πληροσέληνον,
1981 540 2061 614 ὣς
2107 542 2285 614 αὐτὸς

255 631 325 693 ἐν
370 638 495 705 τοῖς
542 631 797 712 πρώτοις
836 626 997 693 εἶπεν
1036 625 1174 714 (ΙΠ,
1206 624 1338 714 19).
1473 652 1520 692 ο.
1565 630 1684 692 ἔδει
1730 628 1794 691 δὲ
1839 631 2026 702 οὕτως
2073 631 2283 692 εἰπεῖν·

200 743 224 783 ⁵
254 719 445 799 οὔσης
492 718 556 781 δὲ
602 721 977 799 πανσελήνου
1020 719 1197 799 ἐτέθη
1244 718 1277 781 ὅ
1322 718 1506 801 ἀγὼν,
1545 715 1556 803 Ι
1597 717 1630 781 ὅ
1668 717 1731 781 δὲ
1777 718 1880 781 τὸν
1917 717 2119 801 ἀγῶνα
2155 720 2284 779 δια-
2313 737 2474 793 86Εο

252 808 513 889 θέμενος
572 818 744 871 τοῦτο
802 809 930 872 τότε·
984 808 1322 890 ἐπήνεγκεν.
1380 827 1477 883 ⁹20
1627 810 1683 869 d.
1742 807 1816 869 ἐν
1877 802 1932 869 δ’
1984 806 2282 889 ἕσπερον
2312 827 2434 883 8εο

253 898 526 977 ἕφλεξετ
582 897 647 959 τὸ
692 896 1002 979 ἓσπερινὸν
1048 899 1223 976 φάος.
1360 919 1408 961 e.
1457 898 1546 959 ὅτι
1590 897 1656 959 ἐν
1710 896 2060 983 πανσελήνῳ
2106 896 2284 975 ἐτέθη

254 986 287 1048 ὁ
335 986 517 1068 ἀγών.
581 1005 709 1060 90⁵0

395 1080 496 1137 91.
562 1076 862 1148 σελάνας
908 1074 1158 1156 ἐρατὸν
1204 1076 1416 1153 φάοςτ
1461 1085 1635 1137 τοῦτο
1672 1074 1790 1136 ἔδει
1825 1084 2058 1155 πρῶτον
2096 1075 2282 1136 εἰπεῖν
2310 1096 2341 1138 Α

172 1188 227 1227 10
254 1166 347 1226 ὅτι
405 1164 781 1242 πανσελήνου
838 1162 1022 1242 οὔσης
1077 1165 1109 1224 ὅ
1166 1162 1328 1245 ἀγὼν
1383 1162 1577 1242 ἐτέθη.
1668 1164 1906 1241 εὐήθως
1961 1161 2025 1224 δὲ
2079 1163 2180 1225 καὶ
2226 1165 2290 1225 οἵ

253 1252 701 1332 φαντασθέντες
747 1252 879 1333 ἄχρι
925 1253 1149 1325 δύσεως
1193 1250 1417 1332 ἡμέρας
1462 1252 1681 1325 αὐτοὺς
1727 1252 2135 1333 ἀγωνίζεσθαι.

392 1346 473 1402 92
497 1363 549 1403 a..
634 1341 905 1403 ἀείδετο
967 1338 1069 1402 δέε
1136 1350 1253 1403 τῶν
1320 1340 1604 1403 ἐπινίκων
1671 1340 1999 1423 λεγομένων
2059 1339 2183 1423 ἤχει
2239 1338 2338 1420 ἡΑ

253 1433 437 1493 Πίσα.

394 1524 474 1583 92
496 1522 553 1580 b.
620 1518 899 1579 ἀείδετο
948 1515 1019 1579 δὲ
1065 1529 1204 1580 πᾶν
1250 1517 1568 1598 τέμενοςτ
1615 1518 1680 1581 ἐν
1727 1517 1790 1581 δὲ
1828 1526 1954 1594 ταῖς
1991 1520 2257 1599 εὐωχίαις
2287 1539 2494 1595 scoto

176 1632 227 1671 15
254 1606 568 1695 περιῄδετο
615 1607 716 1669 καὶ
758 1606 951 1687 ἠχεῖτο
996 1607 1061 1668 τὸ
1104 1618 1227 1668 πᾶν
1272 1606 1511 1687 τέμενος
1564 1608 1876 1687 εὐφημιῶν
1931 1608 2032 1669 καὶ
2077 1610 2285 1687 ὕμνων

250 1696 605 1779 λεγομένων.
674 1690 848 1769 οὗτος
881 1695 993 1776 γὰρ
1030 1695 1484 1777 ἐγκωμιαστικὸς
1525 1697 1757 1777 τρόπος.
1894 1719 1940 1759 ο.
1987 1696 2027 1777 ἢ
2065 1698 2278 1769 οὕτως·
2309 1718 2470 1774 Βῦεο

252 1786 671 1865 ἐνεκωμιάζετο
718 1783 785 1846 ἐκ
828 1793 947 1845 τῶν
992 1784 1297 1845 νικώντων
1343 1786 1408 1847 τὸ
1451 1784 1719 1865 τέμενός,
1764 1804 1971 1863 φησιν.

393 1878 495 1937 94.
561 1872 809 1955 ἀρχαῖς
865 1871 936 1934 δὲ
987 1870 1367 1955 προτέραις
1411 1872 1774 1953 ἕπόμενοιε
1820 1881 1947 1948 ταῖς
1994 1866 2107 1936 οὐν
2153 1873 2256 1956 ἀρ-
2287 1896 2493 1953 Bouto

253 1971 384 2046 χαῖς
430 1963 533 2026 καὶ
586 1970 710 2036 τοῖς
766 1962 1184 2042 ἐπιτηδεύμασι
1236 1973 1352 2023 τῶν
1400 1963 1765 2041 φθανόντων
1810 1963 1909 2024 καὶ
1955 1973 2070 2025 νῦν
2114 1961 2284 2042 ἡμεῖς

171 2077 227 2116 20
256 2053 738 2124 ἀκολουθοῦντες
782 2050 893 2128 τὴν
938 2050 1254 2129 ἐπώνυμον
1289 2061 1396 2128 τῆς
1441 2053 1614 2131 νίκης
1650 2052 1842 2132 χάριν,
1885 2051 2144 2114 τουτέστι
2177 2053 2283 2114 τὸν

251 2143 549 2205 ἐπινίκιον
594 2141 791 2219 ὕμνον
835 2140 1109 2218 εἴπωμεν,
1153 2141 1565 2218 θαυμάζοντες
1610 2141 1720 2219 τήν
1765 2163 1823 2202 τε
1870 2141 2130 2222 βροντὴν
2176 2152 2298 2202 τοῦ»

251 2231 400 2304 Διὸς
445 2230 546 2291 καὶ
592 2229 695 2291 τὸν
742 2228 1004 2308 ἔμπυρον
1050 2229 1233 2290 αὐτοῦ
1278 2230 1587 2309 κεραυνόν.
1653 2248 1748 2292 968

391 2322 473 2380 95
498 2340 551 2378 a.
618 2317 823 2398 χάριν
870 2317 1095 2390 νίκαςε
1146 2316 1372 2392 ἔξωθεν
1415 2316 1668 2397 ληπτέον
1712 2319 1778 2380 τὸ
1825 2319 1933 2390 εἴς·
1981 2319 2066 2392 εἰς
2112 2319 2339 2399 χάρινΑ

250 2406 707 2486 κελαδησόμεθα
762 2406 1035 2486 βροντάν.
1180 2408 1234 2466 b.
1282 2405 1346 2468 τὸ
1395 2404 1459 2467 δὲ
1504 2406 1917 2487 ἐπωνυμίαν
1963 2418 2069 2470 τοῦ
2116 2409 2284 2489 χάριν

170 2521 224 2560 25
253 2498 562 2559 ἐπίθετον·
606 2493 717 2572 τὴν
753 2492 1106 2573 ἐπωνύμους
1140 2505 1458 2574 ποιοῦσαν,
1493 2494 1626 2556 ἀντὶ
1670 2508 1774 2559 τοῦ
1815 2496 2283 2576 ἐπονομάζοντος

397 2656 425 2704 1
468 2647 705 2708 σκότους
743 2647 779 2700 Ε
925 2652 971 2698 1.
994 2652 1025 2698 2
1062 2665 1293 2717 καταυγ.
1327 2647 1543 2706 GDEss:
1581 2670 1812 2720 xocvoevy.
1843 2651 1941 2704 καὶ
1969 2653 2282 2721 φαιδρυνο-

248 2721 424 2795 μένου
465 2722 549 2775 BV
699 2723 729 2769 2
770 2716 1054 2783 ἐρατεινὸν
1093 2718 1128 2771 Ε
1156 2719 1174 2786 ΙΙ
1211 2717 1361 2785 φάος
1398 2718 1614 2776 θῦΕΟε
1654 2720 1801 2789 φάος
1835 2721 2064 2792 σελήνης
2101 2725 2141 2778 Β

250 2800 281 2848 6
320 2793 446 2848 τότε
483 2799 653 2845 τοῦτο
694 2790 777 2843 Βν
924 2793 952 2840 ‘1
994 2787 1183 2856 ἔφλεξε
1220 2805 1326 2841 om.
1370 2790 1459 2846 ΕΠ
1493 2793 1512 2860 ΙΙ
1549 2791 1699 2860 φάος
1737 2793 1849 2850 Ess:
1889 2803 2011 2862 φῶς
2048 2796 2132 2849 Βν
2167 2797 2186 2865 ΙΙ
2225 2795 2284 2850 ἐν

247 2883 416 2922 πανσ.
458 2862 585 2932 γὰρ,
624 2877 731 2914 om.
773 2855 875 2924 ὅτι,
914 2859 995 2912 Βν
1143 2865 1206 2912 13
1245 2857 1433 2914 Πίσσα
1580 2869 1646 2916 14
1682 2862 1720 2917 1.
1759 2881 1864 2918 om.
1906 2867 1944 2919 D
1981 2869 2002 2936 ΙΙ
2044 2875 2163 2922 πᾶν
2199 2865 2284 2921 τέ-

248 2956 417 3008 μενος
454 2952 563 2988 om.
607 2930 697 2986 ΕΟ
866 2933 931 2982 15
969 2929 1066 2982 καὶ
1102 2929 1226 2997 εὐφ.
1266 2930 1364 2983 καὶ
1401 2929 1519 3000 ῦμ.,
1566 2950 1673 2988 om.
1710 2937 1817 3004 λεγ.
1859 2935 1898 2992 ss
2074 2944 2138 2991 16
2177 2937 2284 3008 γὰρ

248 3008 361 3078 ἐγκ.
406 3008 471 3061 B:
512 3020 747 3070 πανεγκ.
780 3002 817 3052 D
856 3017 1085 3068 παρεγκ.
1116 3000 1203 3054 ΟΕ
1251 2999 1363 3070 ἐγκ.
1396 3001 1435 3058 ss
1609 3010 1671 3057 17
1721 3005 1946 3076 ἐνεκωμ.
1979 3009 2044 3062 B:
2085 3009 2282 3079 ἐγκωμ.

250 3079 396 3135 CER
453 3075 720 3144 ἐνεγκωμ.
750 3085 781 3124 ν
810 3071 829 3141 Ι]
857 3071 1138 3124 νικώντων
1173 3070 1236 3124 τὸ
1272 3070 1500 3140 τέμενος
1539 3077 1602 3129 B:
1642 3085 1814 3130 νικῶν
1854 3078 1891 3133 G
1943 3088 2118 3134 νικῶν
2154 3081 2216 3134 τὸ
2250 3083 2285 3134 Ε

246 3151 539 3206 νικώντων
581 3144 622 3200 (1
650 3145 669 3211 ΙΙ
704 3141 901 3210 φησιν]
940 3157 1084 3209 φασι
1123 3142 1158 3195 Ε
1197 3158 1302 3194 om.
1338 3143 1374 3198 G
1523 3149 1587 3197 18
1626 3145 1662 3200 l.
1697 3150 1760 3202 B:
1801 3165 1906 3202 om.
1940 3149 2028 3205 0ss
2087 3151 2287 3220 ἀρχαῖς

247 3219 313 3276 δέ
347 3220 438 3276 ΕΠ
484 3220 503 3287 ΙΙ
549 3223 678 3276 ταῖς
715 3213 917 3298 ἀρχςξῖς
953 3207 1057 3265 οὖν
1096 3212 1131 3265 Ε
1312 3218 1381 3266 20
1417 3214 1542 3285 τὴν]
1580 3217 1680 3274 τὸν
1721 3221 1756 3272 Ε
1937 3227 2003 3275 21
2045 3221 2285 3290 εἴπωμεν

247 3291 470 3348 GDEU:
513 3285 772 3352 εἴπωμεν.
829 3301 864 3349 η
902 3281 1113 3345 ἔξωθεν
1150 3281 1253 3350 τὴν
1300 3283 1382 3346 εἴς
1414 3286 1692 3352 πρόθεσιν
1729 3290 1984 3359 ληπτέον,
2022 3287 2166 3362 ἰ’ν’ἦ
2208 3294 2286 3354 εἰς

242 3364 413 3444 χάριν
452 3353 837 3421 κελαδήσομεν
868 3355 947 3407 Βν
986 3353 1103 3422 (cfr.
1136 3357 1203 3406 95
1222 3353 1278 3422 d)
1306 3358 1326 3423 ΙΙ
1352 3358 1739 3426 θαυμάζοντες
1775 3378 1880 3415 om.
1914 3363 2002 3418 GD
2117 3348 2184 3416 2'2
2222 3364 2285 3418 τὸ

244 3435 371 3503 ἕμπ.
414 3432 595 3486 αὐτοῦ
636 3423 811 3496 βέλος,
836 3423 946 3477 ,τὸν
982 3424 1259 3490 κεραυνόν
1290 3427 1373 3480 BV
1493 3434 1559 3482 25
1599 3431 1925 3501 ἐπωνύμους
1961 3436 2000 3489 V
2039 3435 2282 3504 (336‚8):

243 3500 579 3571 ἐπωνυμίαν
627 3500 646 3566 ΙΙ
692 3501 976 3582 ποιοῦσινε
1024 3510 1127 3564 ego
1172 3497 1191 3563 ΙΙ
1236 3496 1366 3550 ἀντὶ
1401 3506 1730 3568 τοῦ-336,
1755 3509 1782 3556 1
1822 3507 2128 3567 καλοῦντος
2172 3521 2284 3557 non

241 3575 549 3643 intelleg03
592 3569 1049 3632 ἐπονομαζουσαν
1087 3566 1182 3619 καὶ
1218 3570 1502 3626 καλοῦσαν
1540 3571 1846 3627 Schroeder
