2646 3882
350 227 479 292 154
1241 227 1466 282 Scholia

346 395 646 472 κατελύθη
694 391 758 454 δὲ
781 391 843 472 ἡ
890 392 1116 473 ἀπήνη,
1160 393 1241 466 ὥς
1286 391 1443 467 τινές
1477 411 1686 472 φασιν,
1733 391 2097 478 ὀγδοηκοστῇ
2133 392 2366 481 πέμπτῃ

345 477 713 563 Ὀλυμπιάδι,
756 477 885 544 κατ’
926 480 1123 555 ἐνίους
1170 480 1233 543 δὲ
1278 481 1640 568 ὀγδοηκοστῇ
1686 481 1837 569 ἕκτῃ.
1911 493 1964 545 1⁴²
1986 502 2021 558 Q

150 591 400 647 necnee
506 576 616 632 la.
676 569 1024 654 Χρυσέαςε
1088 570 1404 652 ἀλληγορεῖ
1449 569 1482 633 ὁ
1534 571 1811 651 ποιητὴς,
1873 569 1954 644 ὡς
2018 570 2111 634 ἐπὶ
2177 572 2370 647 οἰκίας

348 665 825 744 μεγαλοπρεποῦς
879 659 1349 738 κατασκευαστὴς
1412 659 1516 722 τὸν
1579 659 1846 722 ἐπίνικον
1911 660 2367 740 διατεθειμένος.

346 750 704 832 παραβάλλει
767 747 831 810 δὲ
892 751 1237 836 προπυλαίῳ
1302 746 1412 828 μὲν
1475 749 1539 811 τὸ
1592 751 1934 831 προοίμιον,
1998 756 2079 836 τῷ
2134 749 2198 812 δὲ
2252 751 2367 836 ὅλῳ
2423 771 2448 812 5

347 839 491 926 οἴκῳ
535 837 638 900 τὸν
683 839 900 918 ὕμνον,
944 837 1157 900 ἑαυτὸν
1202 835 1266 898 δὲ
1310 843 1393 922 τῷ
1437 840 1940 912 κατασκευάζοντι.

299 948 331 991 Α
491 932 524 988 1
546 928 602 989 b.
656 924 687 987 ὅ
736 924 799 988 δὲ
846 937 1012 1000 νοῦς·
1071 925 1318 1008 χρυσέας
1371 926 1808 1006 ὑποστήσαντες
1850 928 2056 1000 κίονας
2100 926 2214 1010 πρὸ
2260 938 2366 990 τοῦ

346 1017 643 1097 θαλάμου,
682 1016 868 1089 οὕτως
903 1015 967 1078 τὸ
1003 1014 1211 1077 λοιπὸν
1247 1015 1512 1096 πήξομεν
1541 1015 1817 1097 μέγαρον,
1850 1014 2110 1077 τουτέστι
2143 1018 2367 1079 τελειώ-

346 1124 523 1184 σομεν
570 1104 680 1184 τὴν
724 1100 889 1191 ᾠδὴν
932 1104 1549 1188 προκαταβαλλόμενοι
1590 1103 1770 1186 ἀρχὰς
1812 1106 2248 1184 κεφαλαιώδεις.

147 1214 390 1270 Β(ο)υεο
482 1201 515 1255 1
543 1215 588 1256 ο.
656 1192 687 1255 ὅ
736 1191 801 1254 δὲ
844 1204 993 1267 νοῦς
1034 1204 1326 1266 τοιοῦτος·
1371 1194 1565 1272 ὕμνον
1601 1195 1866 1274 πήξομεν
1902 1193 2095 1276 ὥσπερ
2131 1193 2366 1274 θαητὸν
2395 1217 2448 1256 1⁰

347 1281 600 1366 μέγαρον
662 1280 913 1363 χρυσέας
974 1285 1180 1356 κίονας
1251 1281 1691 1361 ’ὑποστήσαντες
1760 1289 1844 1369 τῷ
1907 1285 2197 1371 προθύρῳ
2259 1294 2366 1346 τοῦ

344 1373 652 1452 θαλάμου,
718 1370 859 1453 ὅπερ
922 1370 1044 1433 ἐστὶ
1094 1370 1159 1433 τὸ
1211 1373 1548 1454 προοίμιον.
1637 1371 1735 1432 καὶ
1801 1372 1994 1453 ὥσπερ
2057 1374 2367 1454 θαύματος

345 1459 514 1536 ἄξιον
561 1459 814 1542 μέγαρον
858 1458 899 1540 ἢ
946 1455 1113 1522 οἶκον
1156 1460 1694 1535 κατασκευάσαντες
1737 1460 1802 1523 τὸ
1847 1461 2161 1543 πρόθυρον
2206 1460 2366 1536 ἀξιο·

344 1547 561 1632 πρεπὲς
605 1559 923 1629 ποιοῦμεν,
978 1550 1134 1611 οὕτω
1177 1549 1277 1610 καὶ
1322 1559 1429 1612 τοῦ
1474 1550 1670 1629 ὕμνου
1715 1549 1780 1611 τὸ
1825 1551 2138 1632 προοίμιον
2182 1549 2364 1629 πήξο-

350 1661 457 1718 μεν
504 1637 826 1719 ἀξιόλογον.
889 1661 915 1700 3
936 1657 969 1712 Q
2393 1660 2446 1700 15

145 1746 388 1804 Β(ο)υεο
484 1731 517 1787 1
542 1729 595 1787 d.
660 1723 986 1808 χρυσέας·
1032 1727 1226 1806 τιμίας
1269 1737 1389 1788 νῦν
1430 1728 1638 1799 κίονας
1681 1726 2153 1808 ὑπορθῶσαντες.
2244 1733 2364 1808 θη-

347 1821 538 1889 λυκῶς
583 1812 648 1878 δὲ
692 1825 811 1876 νῦν
854 1815 1211 1897 προήγαγεν,
1257 1813 1339 1888 ὡς
1381 1815 1484 1878 καὶ
1512 1812 1777 1898 Ὅμηρος
1823 1810 1890 1900 (α
1930 1811 2086 1900 53)·ψ

1137 1921 1251 2004 ἔχει
1296 1921 1363 1985 δέ
1407 1945 1466 1984 τε
1511 1923 1719 1997 κίονας
1763 1922 1940 1998 αὐτὸς

522 2012 767 2096 μακρὰς,
812 2015 877 2073 αἳ
918 2013 1093 2094 γαῖάν
1136 2035 1196 2073 τε
1242 2012 1342 2073 καὶ
1389 2012 1647 2095 οὐρανὸν
1694 2011 1881 2093 ἀμφὶς
1924 2012 2173 2094 ἔχουσιν.
2222 2032 2272 2076 1⁸
2290 2032 2325 2088 Q

150 2140 317 2197 Βσεο
479 2123 535 2181 3.
602 2118 690 2193 ὡς
740 2118 851 2181 ὅτε
894 2119 1197 2200 θαητόνε
1242 2118 1617 2200 θαυμαστὸν,
1661 2120 1820 2200 παρὰ
1865 2119 1975 2199 τὴν
2019 2120 2187 2182 θέαν.
2380 2140 2448 2200 ,20

133 2229 340 2285 acuto
476 2213 591 2270 4a.
654 2210 994 2289 πάξομενε
1065 2210 1283 2290 κυρίως
1343 2206 1452 2288 μὲν
1527 2207 1591 2270 τὸ
1654 2211 1836 2290 πῆξαι
1903 2207 2001 2270 ἐπὶ
2072 2220 2178 2290 τῆς
2247 2220 2366 2272 τῶν

488 2422 574 2471 le.
632 2416 749 2471 EM
776 2422 898 2485 514,
918 2422 1012 2471 55:
1060 2415 1117 2470 οἱ
1152 2416 1253 2485 μὲν
1278 2412 1508 2470 Ἀττικοὶ.
1543 2416 1849 2485 ἀρσενικῶς
1883 2415 2165 2485 λέγουσιν,
2213 2416 2267 2471 οἱ
2305 2416 2368 2472 δὲ

336 2484 524 2549 Ἴωνες
555 2490 842 2557 θηλυκῶς·
883 2484 1006 2543 οἷον
1040 2495 1249 2560 χρυσᾶς
1282 2487 1529 2556 ὑφιστᾶν
1564 2484 1763 2549 κίονας
1795 2492 1875 2561 τῷ
1908 2488 2162 2560 θαλάμῳ.
2223 2486 2367 2543 Πίν-

345 2560 532 2625 δαρος.
564 2590 630 2597 -
668 2558 824 2613 Eust.
861 2558 923 2612 Π.
956 2563 1077 2627 550,
1099 2563 1182 2612 13.
1232 2557 1335 2612 od.
1368 2562 1524 2626 1390,
1544 2564 1611 2612 49
1653 2558 1724 2611 al.

490 2759 510 2806 1
558 2752 677 2824 ὀγδ.
714 2752 785 2807 πέ
867 2754 959 2826 τῃ]
997 2752 1116 2825 v'tssss
1148 2754 1298 2823 (ras.)
1330 2756 1366 2809 Ε
1511 2759 1542 2806 2
1581 2750 1734 2824 ἕκτῃ]
1773 2751 1945 2825 ὀγδόῃ
1985 2752 2022 2809 G
2167 2758 2198 2805 3
2236 2772 2363 2822 χρυ-

345 2823 475 2887 σέας
510 2825 579 2880 A:
626 2842 766 2897 χρυσ
795 2845 863 2887 ας
906 2823 1319 2889 ὑποστάσαντες
1358 2826 1447 2880 ΒΕ
1501 2844 1584 2894 χρ.
1621 2822 1964 2886 ὑποστάντες
2006 2822 2367 2893 (ὑποστάντες

344 2912 525 2964 supra·
548 2898 786 2966 versum)
817 2898 855 2950 D
905 2896 1080 2959 ἄλλως
1108 2895 1149 2952 ss
1185 2912 1292 2951 om.
1326 2895 1363 2952 0
1391 2898 1410 2965 ΙΙ
1437 2896 1808 2964 ἀλληγορικῶς
1837 2897 1878 2950 Β
1903 2898 1923 2965 ΙΙ
1952 2895 2044 2950 ἐπὶ
2078 2894 2142 2948 ft.
2183 2893 2290 2948 del.

344 2974 378 3021 4
414 2967 865 3037 κατασκευαστὴς
890 2969 933 3024 Α
972 2970 1338 3037 (κατασκευῆς
1365 2966 1432 3036 ej.
1466 2968 1544 3036 b):
1581 2966 1680 3022 τὸν
1708 2966 1874 3037 λόγον
1909 2970 2367 3035 προκατασκευῆς

344 3038 462 3109 (·-ὴν
501 3040 559 3110 C)
598 3038 791 3096 01)Εο
843 3039 943 3094 τὸν
987 3037 1155 3107 λόγον
1190 3037 1702 3107 προκατασκευάζει
1742 3040 1781 3093 Β
1835 3034 2149 3107 τὸνλόγον
2183 3056 2366 3104 παρα-

342 3109 776 3175 κατασκευάζειν
812 3125 844 3164 ν
870 3112 889 3181 ΙΙ
918 3108 1199 3165 ἐπινίκιον
1238 3112 1330 3165 ΒΕ
1356 3111 1375 3179 ΙΙ
1404 3107 1796 3179 διατιθέμενος
1823 3110 1862 3164 V
2001 3114 2034 3163 ὅ
2069 3111 2380 3177 προπυλεῶ.

343 3183 387 3236 Α
422 3184 441 3251 ΙΙ
477 3180 541 3236 δὲ
578 3182 722 3251 (alt.)
759 3197 864 3235 om.
895 3182 938 3237 Α
1090 3187 1139 3235 ὅ.
1163 3185 1194 3234 6
1234 3178 1342 3253 ὅλῳ
1379 3179 1515 3253 οἴκῳ
1550 3180 1650 3235 τὸν
1685 3179 1866 3249 ῦμνον
1903 3181 1970 3236 A:
2009 3179 2183 3249 μεγάρ
2265 3180 2367 3234 τὸν

344 3250 475 3306 ὅλον
510 3251 691 3320 ’ὕμνον
727 3252 766 3306 V
894 3258 927 3305 6
962 3250 1444 3306 κατασκευάσαντι
1480 3251 1578 3307 ΑΟ.
1704 3256 1774 3305 10
1816 3252 2036 3321 θηητὸν
2074 3251 2162 3308 01)
2227 3257 2252 3305 ⁶?

346 3327 410 3375 11
449 3321 861 3387 ’ὑποστάσαντες
898 3325 995 3379 ΒΙ)
1155 3328 1221 3376 13
1259 3322 1327 3377 ft.
1363 3322 1875 3387 κατασκευάσοντες
2037 3329 2120 3379 13.
2143 3329 2210 3377 14
2247 3322 2368 3387 ἀξι-

344 3402 603 3460 οπρεπῶς
641 3396 773 3449 ΒΕν
895 3400 962 3448 16
998 3393 1256 3465 χρυσέας]
1294 3414 1378 3464 χρ.
1417 3393 1768 3459 ὑποστάταςῖ
1808 3393 1984 3465 (11Ιῆ.
2022 3392 2208 3465 τιμίας
2243 3402 2365 3450 νῦν.

345 3464 803 3531 ὑπορθώσαντεςε
826 3496 893 3505 --
922 3463 1187 3529 κίοναςε
1250 3468 1515 3533 θηλυκῶς
1567 3473 1673 3520 νῦν
1727 3468 1836 3521 κτλ.
1892 3468 1912 3537 ΙΙ
1967 3474 2072 3523 νῦν
2118 3484 2226 3521 om.
2273 3468 2312 3521 D
2344 3466 2372 3555 j}

342 3534 551 3602 ὑπορθ.
575 3566 641 3575 ——
665 3540 731 3589 18
768 3532 965 3598 κίονας
1000 3554 1107 3591 om.
1149 3538 1187 3590 D
1319 3541 1386 3589 17
1424 3536 1553 3607 νῦν]
1589 3535 1692 3600 τὰς
1727 3534 1922 3601 κίονας
1959 3538 1996 3595 G
2116 3544 2184 3593 20
2211 3557 2369 3605 παρα

345 3604 493 3661 οΕἱ>ε
532 3607 659 3674 περὶ
699 3605 834 3662 an
977 3612 1042 3659 21
1082 3606 1119 3660 1.
1158 3624 1265 3661 om.
1306 3607 1396 3662 GD
