2646 3882
980 226 1108 280 Vita
1144 226 1519 280 Ambrosiana
2272 226 2313 290 3

289 391 370 453 ἕν
405 397 708 472 Σαλαμῖνι
744 393 1077 474 ναυμαχίαν
1111 390 1369 474 γέγραφε
1412 391 1512 454 καὶ
1548 393 1853 472 Πίνδαρος
1891 388 1988 475 (fr.
2022 385 2177 474 272)
2217 391 2316 472 μέ-

286 505 518 561 μνηται
565 491 670 560 τῆς
723 482 976 561 Κάδμου
1022 481 1337 561 βασιλείας.
1428 480 1573 542 ἀλλὰ
1626 480 1727 542 καὶ
1780 479 2098 562 ἀμφότεροι
2155 480 2315 563 παρὰ

280 567 518 648 Ιέρωνι
564 568 644 655 τῷ
681 572 1075 651 Συρακοσίων
1121 571 1392 656 τυράννῳ
1428 569 1784 652 γεγένηνται.
1852 569 2043 650 γήμας
2080 567 2143 631 δὲ
2180 573 2315 631 Με-

287 660 571 767 γάκλειαν
607 658 718 736 τὴν
757 658 1067 721 Λυσιθέου
1103 658 1204 720 καὶ
1231 659 1530 738 Καλλίνης
1565 658 1727 739 ἔσχεν
1764 658 1900 719 υἱὸν
1946 661 2315 738 Δαΐφαντον,

231 771 256 810 5
291 736 339 831 ᾧ
403 747 506 809 καὶ
565 748 1024 828 δαφνηφορικὸν
1087 736 1251 833 ασμα
1305 748 1587 830 ἔγραψεν·
1647 747 1747 808 καὶ
1800 745 2129 828 θυγατέρας
2184 749 2313 824 δύο,

288 813 703 918 Πρωτομάχην
749 837 849 899 καὶ
893 835 1182 916 Εὔμητιν.
1245 835 1501 919 γέγραφε
1549 835 1612 898 δὲ
1658 837 1857 917 βιβλία
1901 834 2311 896 ἑπτακαίδεκα·
2375 828 2380 833 ”

286 927 552 1005 ὕμνους,
612 936 898 1003 παιᾶνας,
958 925 1355 1006 διθυράμβων
1400 921 1465 1005 β’
1468 971 1487 1004 ,
1545 925 1882 1006 προσοδίων
1926 920 2017 1004 β’·
2090 931 2311 1005 παρθε-

286 1016 438 1077 νίων
494 1010 583 1094 β’,
650 1013 885 1095 φέρεται
955 1011 1018 1075 δὲ
1076 1013 1176 1075 καὶ
1234 1011 1296 1097 γ’
1343 1010 1376 1075 ὃ
1438 1013 1816 1096 ἐπιγράφεται
1873 1012 2311 1094 κεχωρισμένων

284 1104 661 1184 παρθενίων·
703 1102 1132 1185 ὑπορχημάτων
1161 1099 1247 1183 β’,
1276 1102 1561 1184 ἐγκώμια,
1588 1103 1891 1184 θρήνους,
1918 1102 2199 1164 ἐπινίκων
2228 1099 2309 1164 δ’.

203 1215 258 1255 1⁰
283 1191 527 1274 φέρεται
573 1190 636 1254 δὲ
680 1191 1012 1275 ἐπίγραμμα
1057 1191 1149 1253 ἐπὶ
1196 1202 1267 1278 τῇ
1313 1197 1548 1276 τελευτῇ
1594 1191 1779 1254 αὐτοῦ
1825 1190 1983 1254 τόδε·

451 1287 545 1359 Ἠ
579 1299 731 1377 μάλα
777 1299 1146 1382 Πρωτομάχα
1192 1316 1254 1359 σε
1299 1298 1401 1360 καὶ
1446 1297 1716 1378 Εὔμητις
1760 1299 2089 1379 λιγύφωνοι

553 1386 843 1449 ἔκλαυσαν
887 1387 1158 1467 πινυταὶ,
1203 1388 1501 1469 Πίνδαρε,
1546 1385 1895 1469 θυγατέρες,

459 1469 744 1558 Ἀργόθεν
787 1470 938 1558 ἦμος
985 1477 1182 1539 ἵκοντο
1227 1470 1531 1556 κομίζουσ’
1572 1475 1783 1538 ἔνδοθι
1825 1486 2095 1558 κρωσσοῦ

552 1560 787 1646 λείψαν’
829 1564 946 1627 ἀπὸ
993 1566 1189 1644 ξείνης
1234 1563 1432 1647 ἀθρόα
1476 1575 1785 1647 πυρκαϊῆς.

201 1783 254 1822 15
641 1759 650 1766 ’
816 1761 1192 1841 Πινδάρου
1240 1759 1786 1842 ἀποφθέγματα.

418 1903 726 1985 Πίνδαρος
774 1899 805 1964 ὅ
863 1901 1170 1982 μελοποιὸς
1217 1900 1538 1982 ἔρωτηθεις
1582 1900 1701 1964 ὑπό
1745 1924 1906 1978 τινος
1949 1903 2008 1965 τί
2057 1904 2308 2011 πρίονος

288 1989 598 2073 ὀξύτερον,
644 1986 790 2053 εἶπε·
851 1992 1113 2072 διαβολή.

417 2080 913 2162 Παραγενόμενος
987 2078 1050 2142 δὲ
1133 2081 1219 2153 εἰς
1295 2080 1569 2159 Δελφοὺς
1639 2080 1739 2142 καὶ
1810 2080 2181 2164 ἐρωτώμενος
2222 2082 2313 2149 ,τί

285 2171 526 2251 πάρεστι
571 2170 806 2248 θύσων,
851 2164 998 2232 εἷπε·
1054 2179 1293 2231 παιᾶνα.

204 2281 260 2321 20
413 2254 850 2339 Ἐπερωτηθεὶς
905 2259 1081 2320 πάλιν
1136 2257 1235 2318 διὰ
1290 2260 1354 2319 τί
1402 2258 1749 2337 Σιμωνίδης
1813 2257 1960 2338 πρὸς
2014 2258 2153 2330 τοὺς
2206 2282 2305 2319 τυ-

281 2348 545 2429 ράννους
598 2346 974 2427 ἀπεδήμησεν
1033 2348 1117 2420 εἰς
1170 2348 1480 2426 Σικελίαν,
1527 2345 1703 2419 αυτὸς
1749 2344 1812 2409 δὲ
1858 2346 1931 2407 οὐ
1977 2344 2162 2406 θέλει·
2218 2346 2307 2407 ὅτι

281 2438 603 2518 βούλομαι,
649 2431 842 2515 εἶπεν,
885 2435 1118 2521 ἐμαυτῷ
1165 2438 1292 2515 ζην,
1340 2435 1452 2497 οὐκ
1496 2434 1668 2548 άλλφ.

410 2521 771 2606 Ἐρωτηθεὶς
826 2522 890 2586 δὲ
946 2525 1043 2587 διὰ
1097 2526 1156 2586 τί
1205 2525 1280 2587 οὐ
1336 2532 1417 2610 τῷ
1472 2516 1539 2585 ευ
1595 2524 1907 2605 πράττοντι
1960 2523 2071 2602 τὴν
2114 2530 2307 2605 θυγα-

424 2754 458 2803 6
498 2750 611 2803 sch.
650 2749 710 2803 P.
751 2755 802 2818 3,
833 2754 932 2802 139
1080 2753 1146 2802 18
1185 2749 1335 2802 Paus
1393 2753 1477 2817 10,
1507 2754 1594 2816 24,
1624 2755 1655 2803 5

424 2969 456 3016 2
503 2962 768 3034 Κάδμου]
799 2962 895 3016 cfr.
927 2962 1054 3017 Her.
1087 2967 1276 3030 ’1,164.
1318 2960 1565 3029 Δαρείου
1590 2962 1641 3015 J.
1663 2961 1725 3016 G.
1748 2961 2054 3015 Schneider
2090 2959 2304 3030 Ξέρξου

279 3033 402 3088 chr.
446 3034 776 3101 Schneider,
821 3034 1128 3125 Καμβυσου
1169 3036 1200 3089 Ι)
1241 3034 1316 3087 ad.
1352 3034 1649 3123 frgm.195
1806 3039 1841 3085 4
1896 3031 2221 3100 Διόφαντον
2260 3034 2304 3088 Α

280 3106 462 3159 Eusta
504 3108 536 3160 Ι)
651 3110 679 3158 7
718 3106 1048 3173 προσωδιων
1076 3107 1166 3160 ΑΜ
1192 3107 1212 3173 ΙΙ
1239 3102 1570 3172 παρθενίων
1600 3102 1677 3174 β,
1716 3101 1943 3172 φέρεται
1973 3102 2035 3159 δὲ
2063 3104 2219 3173 καὶγ
2228 3101 2300 3158 Ἰ)

281 3177 366 3246 (11,
395 3184 449 3245 2,
479 3178 628 3245 555):
669 3174 899 3245 φέρεται
937 3174 1000 3232 δὲ
1028 3178 1124 3230 καὶ
1159 3195 1216 3230 π.
1250 3174 1307 3267 β’
1339 3177 1437 3229 καὶ
1465 3174 1525 3243 γ’
1663 3144 1701 3229 8
1742 3173 2064 3244 ἐπιγράφει·
2098 3176 2129 3229 Ι)
2176 3178 2193 3244 ΙΙ
2239 3174 2301 3229 ἐν

273 3252 396 3312 ’τοῖς
431 3246 860 3320 κεχωρισμένοις
894 3256 1006 3302 τῶν
1043 3243 1375 3315 παρθενίων
1412 3246 1525 3300 sch.
1563 3245 1623 3299 P.
1664 3251 1873 3312 3,139,
1914 3246 2025 3299 sch.
2066 3244 2296 3307 Theocr.

283 3324 448 3388 2,10
612 3326 675 3373 11
731 3335 790 3373 σε
839 3318 1100 3373 Meineke
1151 3318 1351 3371 deleat.
1404 3319 1553 3387 poet
1607 3288 1815 3371 ant'hol.
1867 3336 1922 3387 p.
1966 3322 2095 3371 239:
2146 3335 2205 3369 τε
2255 3316 2298 3371 Α

279 3390 432 3445 Eunt.
619 3395 684 3443 12
734 3387 986 3459 Πίνδαρε
1033 3389 1294 3443 Meineke
1331 3388 1368 3441 1.
1408 3388 1472 3443 l.:
1530 3387 1827 3455 Πινδάρου
1864 3388 1907 3443 Α
1953 3387 2108 3441 Euat.
2157 3389 2301 3440 Πιν-

282 3462 460 3530 δάρου
509 3461 787 3517 ἔκλαυσαν
830 3465 960 3551 θυγ.
1009 3458 1240 3516 πινυταί
1288 3459 1567 3524 Gerhard,
1616 3458 1781 3512 alit-er
1827 3456 1926 3512 alii
2092 3462 2157 3509 13
2209 3475 2303 3509 κο-

245 3530 494 3603 ’μίζουσ’
538 3534 608 3589 A:
657 3528 940 3603 κομιζούσ’
983 3535 1014 3588 Ι)
1070 3553 1136 3587 κο
1139 3527 1357 3602 μιζοῢσ’
1399 3530 1501 3584 alii
1646 3535 1713 3583 18
1761 3528 2131 3597 ἐρωτώμενος]
2170 3528 2301 3580 ante

283 3626 322 3673 μ
353 3621 462 3658 ras.
495 3611 524 3658 1
563 3604 674 3658 litt.
821 3609 888 3657 22
927 3604 1196 3674 βουλομαι
1233 3602 1417 3657 Eusta
1458 3602 1525 3656 οὐ
1564 3601 1833 3672 βούλομαι

1914 3685 1982 3738 1*
