2646 3882
317 226 452 292 280
1217 226 1447 282 Scholia.

317 394 516 475 λόγον,
561 386 607 455 ὦ
653 392 852 474 στόμα.
924 402 1148 456 παῦσαι
1190 404 1296 455 τοῦ
1342 388 1531 475 λέγειν
1582 402 1823 455 τοιαῦτα
1865 391 2000 473 περὶ
2043 398 2206 455 θεῶν
2219 408 2232 424 ·
2275 392 2342 455 τὸ

317 482 430 565 γὰρ
484 484 863 563 βλασφημίας
915 482 1161 564 ἐχόμενα
1213 480 1402 564 λέγειν
1456 480 1591 565 περὶ
1642 487 1807 543 θεῶν
1862 480 2165 560 ἀλλότριον
2219 486 2344 554 τοῖς

128 589 291 647 cneo
319 577 554 652 σοφοῖς,
599 569 876 651 ἀνοήτοις
923 570 987 633 δὲ
1031 571 1267 635 οἰκεῖον.
1402 572 1457 631 b.
1506 571 1691 649 σοφία
1737 567 1845 649 μὲν
1894 566 2059 652 [γὰρ]
2108 564 2236 633 οἶδε
2272 568 2343 631 τὸ

316 660 626 742 γινώσκειν
660 659 733 722 τὰ
766 660 988 721 παλαιὰ
1033 658 1133 722 καὶ
1167 670 1352 723 ταῦτα
1388 656 1733 741 ἑρμηνεύειν
1768 668 2042 740 τεχνικῶς
2069 660 2343 723 διασκευ-

318 750 561 828 ἀζουσα,
605 749 671 811 τὸ
714 746 778 811 δὲ
812 748 960 832 πρὸς
993 748 1298 831 λοιδορίαν
1334 746 1523 811 ἕλκειν
1557 748 1627 809 τὰ
1664 748 1996 830 διηγήματα
2032 748 2140 829 οὐχ
2178 746 2342 810 ὅσιόν
2398 767 2428 809 6

318 836 495 916 ἔστιν,
539 835 620 911 ὥς
667 838 990 920 διορίζεται.
1082 835 1176 899 διὸ
1223 836 1446 919 ἐχθρὰν
1490 837 1713 916 σοφίαν
1756 836 1946 916 αὐτὴν
1992 834 2277 917 ὀνομάζει.

214 946 291 1003 Eo
455 929 558 988 56.
622 925 774 988 ἐπεὶ
817 926 892 989 τό
935 949 1010 1010 γε
1058 927 1505 1008 λοιδορῆσαιε
1570 926 1720 988 διότι
1782 924 1976 1008 ἄνδρα
2036 922 2177 988 ὄντα
2236 924 2344 987 τὸν

310 1012 600 1099 Ἡρακλέα
643 1025 822 1097 τριῶν
865 1022 1030 1083 θεῶν
1076 1014 1377 1090 ἀπέδειξεν
1422 1012 1565 1077 ὄντα
1611 1016 1899 1096 βελτίονα.

189 1124 310 1177 ΑΒΙῙ
454 1118 535 1176 57
558 1136 612 1176 ο..
677 1112 898 1195 ἐχθρὰ
961 1114 1207 1193 σοφίας
1269 1111 1337 1175 τὸ
1390 1109 1545 1197 ἄκρᾳ
1606 1111 1704 1174 ἐπὶ
1757 1112 1943 1197 σοφία
2005 1118 2343 1193 καυχᾶσθαι

317 1204 510 1265 πάντα
556 1204 770 1284 μανίας
815 1200 1048 1284 μετέχει.
1181 1204 1237 1263 b.
1284 1201 1350 1264 τὸ
1394 1199 1459 1263 δὲ
1502 1200 1889 1284 ὑποκρέκει
1932 1200 2339 1282 ὑποτερετίζει·
2372 1220 2429 1263 ιο

319 1293 474 1355 οὕτω
534 1291 649 1375 γὰρ
711 1290 858 1353 ἔνιοι
923 1292 1312 1374 διηγήσαντο,
1375 1289 1492 1353 ἀπὸ
1548 1287 1753 1369 (τῶν)
1816 1300 1922 1370 τῆς
1986 1290 2345 1371 κιθαρίσεως

317 1389 600 1463 κρεγμῶν.
689 1379 976 1462 πρότερον
1029 1378 1141 1462 γὰρ
1193 1379 1574 1459 ἐπαφώμενοι
1629 1389 1733 1459 τῆς
1786 1379 2046 1462 κιθάρας
2088 1377 2345 1461 ’ὑποκρέ-

319 1487 554 1547 κουσιν,
599 1468 794 1531 ἔπειτα
839 1467 1035 1531 τέλεον
1077 1469 1508 1551 κιθαρίζουσιν.

217 1586 293 1643 εο
458 1570 561 1628 58.
623 1565 697 1628 τὸ
752 1572 1161 1647 καυχᾶσθαι
1203 1565 1392 1646 παρὰ
1435 1564 1715 1647 καιρόνε
1768 1565 1833 1628 τὸ
1878 1576 2028 1649 γοῦν
2072 1564 2169 1627 ἐπὶ
2213 1572 2341 1639 ταῖς

321 1656 510 1729 οὕτως
564 1654 831 1738 ἀκαίροις
873 1651 1057 1737 (καὶ)
1102 1655 1212 1717 οὐκ
1266 1654 1614 1736 ἀναγκαίαις
1660 1654 1963 1736 διηγήσεσι
2004 1661 2341 1736 καυχᾶσθαι
2372 1674 2428 1715 15

321 1742 422 1807 καὶ
485 1745 886 1824 σεμνύνεσθαι
957 1744 1174 1825 μανίας
1237 1744 1447 1825 ὅμοιόν
1508 1742 1685 1805 ἐστιν.
1781 1754 1956 1807 τοῦτο
2019 1741 2086 1805 δὲ
2147 1744 2345 1825 εἴρηκε

323 1832 586 1912 παρόσον
629 1830 863 1913 ἀσεβεῖν
909 1832 1089 1912 δόξει,
1132 1832 1238 1895 ἐὰν
1287 1832 1388 1894 τὸν
1416 1828 1703 1915 Ἡρακλέα
1748 1832 2075 1919 ἐγκωμιάζῃ
2122 1831 2217 1895 ἐπὶ
2261 1840 2341 1917 τῷ

323 1922 461 1996 τοὺς
505 1922 689 1996 θεοὺς
733 1920 1120 2003 νενικηκέναι.

171 2031 296 2088 nto
459 2015 540 2076 59
562 2033 617 2073 a.
681 2013 1056 2093 μανίαισιν
1108 2009 1521 2093 ὑποκρέκειε
1576 2017 1902 2092 συμφωνεῖ.
1991 2006 2122 2074 οἷον
2178 2010 2342 2074 §2166-

129 2121 296 2177 οοεο
326 2102 500 2181 σιμόν
545 2099 718 2163 ἐστιν.
869 2104 926 2164 b.
972 2098 1184 2174 ἄλλως·
1232 2099 1642 2181 ὑποκρέκειε
1688 2099 1915 2181 ὑπηχεῖ.
1979 2099 2341 2182 προσέοικεν.
2370 2119 2432 2159 zo

319 2189 668 2271 ὑποκρέκειν
701 2189 816 2272 γὰρ
842 2191 1062 2271 κυρίως
1087 2187 1209 2252 ἐστὶ
1244 2189 1309 2251 τὸ
1342 2187 1635 2271 ήρεμαίως
1671 2188 1919 2270 ὑπηχεῖν
1956 2187 2021 2250 ἐν
2046 2195 2128 2274 τῷ
2160 2187 2345 2271 ἁρμό-

323 2281 441 2353 ζειν
469 2277 580 2358 τὴν
605 2279 884 2360 κιθάραν.
1004 2299 1051 2340 ο.
1081 2277 1464 2358 ὑποτερετίζει
1492 2269 1627 2358 οὖν,
1654 2275 1968 2357 ἐνδόσιμόν
1993 2277 2116 2340 ἐστι
2144 2279 2346 2363 μανίᾳ.

467 2492 532 2539 21
573 2484 727 2540 Suid.
766 2482 1228 2554 ὑποκρεκόντωνῖ

470 2687 497 2735 1
537 2689 770 2735 τοιαῦτα
800 2697 914 2735 om.
956 2681 992 2736 Ε
1028 2682 1048 2751 ΙΙ
1081 2680 1145 2734 τὸ
1166 2711 1233 2719 -
1254 2685 1285 2733 2
1323 2684 1479 2735 θεῶν
1516 2697 1621 2734 om.
1664 2681 1701 2734 D
1848 2685 1879 2732 2
1918 2676 2271 2752 βλασφημίας
2310 2680 2347 2736 Ε

325 2752 414 2822 (ej.
443 2751 562 2806 iam
588 2751 760 2806 Lehrs
796 2768 850 2821 p.
882 2755 998 2820 27)=
1037 2749 1375 2823 βλασφήμως
1402 2750 1486 2807 ssv
1594 2757 1625 2804 3
1663 2751 1787 2805 ἐπεὶ
1820 2749 1885 2806 τό
1923 2770 1983 2820 γε
2018 2753 2348 2821 λοιδορῆσαι

325 2823 438 2878 sch.
467 2823 506 2876 b
541 2837 750 2893 praem.
783 2825 820 2878 0
847 2824 868 2892 ΙΙ
891 2821 1000 2894 γὰρ
1028 2838 1134 2877 om.
1166 2821 1256 2878 00
1347 2828 1397 2877 4.
1419 2827 1452 2876 ὅ
1481 2819 1925 2886 διασκεδάζουσα
1956 2823 1991 2877 Ε
2091 2826 2123 2875 5
2153 2823 2249 2892 διη
2284 2821 2349 2889 ή-

325 2914 472 2964 ματα
509 2894 674 2951 ent:
711 2892 1000 2962 ποιήματα
1037 2892 1121 2949 ssv
1265 2899 1299 2946 6
1337 2894 1411 2957 ὡς
1448 2892 1555 2949 ssv:
1594 2909 1702 2948 om.
1742 2892 1884 2949 GDE
2030 2897 2060 2946 7
2096 2892 2198 2948 τὸν
2237 2842 2345 2950 ἆνε

323 2975 434 3022 τῶν
474 2967 509 3021 Ε
636 2970 668 3019 8
705 2963 998 3030 ἀπέδειξεν
1036 2963 1144 3021 (Ινε
1184 2962 1455 3030 ἀπέδειξα
1494 2966 1530 3021 Ε
1639 2969 1813 3018 9-13
1850 2964 1927 3035 gl.
1967 2965 2006 3019 Β
2043 2983 2116 3020 m.
2155 2980 2263 3018 rec.

323 3043 358 3091 9
396 3035 566 3107 σοφίη
599 3037 723 3106 (pr.)
752 3038 795 3091 Α
821 3037 842 3105 ΙΙ
869 3033 1040 3110 ἄκρᾳ]
1076 3035 1141 3090 ft.
1181 3032 1431 3105 ἀκαίρως
1574 3041 1641 3090 10
1676 3034 1865 3090 πάντα
1900 3036 2141 3104 corrupt.
2180 3035 2289 3089 vid.
2327 3034 2351 3107 ΙΙ

323 3107 643 3177 ὑπερεθίζει
679 3110 800 3163 AB:
839 3108 878 3159 V
916 3109 1028 3177 (22)
1190 3112 1256 3160 11
1305 3104 1543 3162 οὕτω-
1562 3105 1901 3177 διηγήσαντο
1938 3123 2044 3162 om.
2086 3109 2126 3162 Β
2172 3111 2191 3172 ΙΙ
2233 3114 2346 3161 τῶν

326 3179 522 3234 addidi
559 3196 628 3233 ex
654 3180 693 3233 V
820 3182 886 3231 12
923 3186 1176 3247 κρεγμῶν
1213 3177 1413 3247 scripsi
1441 3177 1507 3232 cl.
1530 3183 1653 3245 281,
1674 3182 1730 3231 1:
1768 3187 1978 3245 κρικῶν
2004 3179 2048 3233 Α
2081 3185 2195 3232 τῶν
2222 3196 2347 3245 κρε-

325 3259 440 3305 κῶν
469 3252 509 3305 Β
621 3255 688 3304 15
725 3245 985 3317 ἀκαίροις
1019 3249 1119 3302 καὶ
1154 3249 1257 3303 οὐκ
1289 3246 1629 3319 ἀναγκαίαις
1657 3250 1715 3304 h:
1754 3246 2013 3317 ἀκαίροις
2038 3249 2143 3303 οὐκ
2170 3249 2348 3319 ἀναγ-

324 3317 516 3384 καίαις
554 3322 588 3375 Ε
636 3317 897 3387 ἀκαίροις
931 3321 1029 3374 καὶ
1065 3318 1404 3391 ἀναγκαίαις
1433 3321 1470 3376 G
1523 3316 1771 3388 ἀκαίρως
1804 3320 1904 3374 καὶ
1938 3316 2278 3388 ἀναγκαίαις
2306 3318 2347 3375 ss

326 3395 385 3445 et
439 3407 546 3444 om.
577 3390 694 3461 καὶ)
722 3407 753 3445 ν
801 3387 1048 3458 ἀκαίρως
1075 3389 1470 3464 ἔνηνεγμέναις
1496 3390 1667 3445 Lehrs
1704 3408 1759 3459 p.
1791 3395 1856 3444 27
2004 3395 2069 3443 17
2100 3390 2253 3456 δόξει
2282 3392 2347 3445 E:

326 3465 390 3517 δε
447 3481 496 3516 ει
534 3461 614 3518 ssv
653 3464 810 3532 (corr,
843 3463 896 3530 h)
923 3465 944 3530 ΙΙ
972 3461 1072 3516 ἐὰν
1107 3462 1208 3518 τὸν
1247 3462 1354 3519 ssv:
1394 3462 1623 3530 ἑαυτὸν,
1662 3462 1697 3516 Ε
1724 3463 1743 3530 ΙΙ
1770 3459 2127 3530 ἐγκωμιάζειν
2168 3464 2203 3516 Ε

327 3538 396 3658 ἐς
433 3532 702 3660 ὑπέχεέαΕ
874 3539 942 3586 22
979 3533 1200 3602 ὑποτερ.
1222 3565 1289 3575 -
1309 3531 1485 3608 μανίᾳ
1522 3549 1629 3588 om.
1669 3532 1706 3588 0
1750 3533 1771 3600 ΙΙ
1817 3531 2111 3601 ἐνδόσιμον
2151 3533 2217 3587 D:
2256 3530 2347 3586 ἐν·

285 3628 293 3636 ·
366 3622 555 3672 οσιμος
688 3617 721 3659 v
