2646 3882
1122 240 1340 311 Olymp.
1379 240 1405 293 1
2200 241 2283 305 15

248 405 702 469 ἀντισπαστικὸν
759 405 1120 488 ἑκατέρωθεν
1185 407 1318 488 ἕχον
1376 407 1481 480 τὰς
1546 407 1839 487 ἰαμβικάς.
1944 407 2009 469 έν
2075 405 2137 469 δὲ
2202 415 2282 493 τῷ

248 496 538 576 εὖάνορος
591 494 832 558 ἐκτείνει
885 497 950 558 τὸ
995 495 1048 577 ᾗ.
1147 496 1213 557 τὸ
1274 494 1340 558 δέ
1396 519 1463 577 γε
1514 494 1711 575 κλέος,
1770 496 1941 576 κοινὴ
2002 497 2280 578 συλλαβή.

330 586 394 646 τὸ
443 581 505 644 δ’
551 584 833 665 ἰαμβικὸν
879 583 1316 667 πενθημιμερὲς
1352 585 1454 646 καὶ
1488 585 1701 664 ἑφεξῆς
1736 592 1887 666 τρεῖς
1925 586 2153 666 ἴαμβοι·
2201 585 2282 660 ὥς

249 668 401 735 εἶναι
428 675 734 755 τρίμετρον
762 684 899 753 μιᾶς
928 675 1178 754 δεούσης
1207 673 1386 754 μέσον
1424 677 1736 754 συλλαβῆς.
1853 673 1917 736 τὸ
1947 671 2000 734 ε’
2036 696 2282 736 παιωνι-

200 784 225 824 5
251 763 360 824 κὸν
418 763 727 844 τρίμετρον
770 772 877 825 τοῦ
939 763 1120 842 μέσου
1181 762 1353 836 ὄντος
1411 763 1707 842 ἐπιτρίτου
1766 765 1993 844 τρίτου,
2053 774 2161 825 τοῦ
2218 762 2281 824 δὲ

248 853 580 914 τελευταίου
628 853 933 934 βακχείου,
980 848 1047 925 ὃς
1094 847 1250 926 εἶδός
1293 852 1413 914 ἐστι
1458 861 1563 914 τοῦ
1607 862 1956 914 παιωνικοῦ.
2105 851 2170 913 τὸ
2220 849 2283 918 ς’

248 939 706 1003 ἀντισπαστικὸν
749 942 1054 1023 τρίμετρον
1100 939 1501 1021 ἀκατάληπτον
1546 947 1673 1015 ταῖς
1720 942 2020 1022 ἰαμβικαῖς
2066 939 2285 1021 ἆναμεκ

248 1027 555 1111 μιγμένον.
691 1029 755 1090 τὸ
793 1025 846 1103 ζ’
893 1029 1136 1092 ι’ωνικὸν
1180 1028 1298 1092 ἀπὸ
1336 1031 1603 1110 μείζονος
1650 1031 1921 1111 δίμετρον
1955 1029 2282 1112 ὑπερκατᾶ-

247 1124 467 1198 ληκτον
529 1117 836 1198 ἐπίμικτον
899 1119 1048 1200 πρὸς
1110 1118 1214 1192 τὰς
1266 1120 1593 1201 τροχαικάς.
1770 1119 1834 1180 τὸ
1888 1113 1956 1198 η’
2003 1118 2281 1200 ἰαμβικὸν

169 1229 222 1269 ιο
249 1209 524 1289 δίμετρον
569 1208 1143 1289 βραχυκατάληκτον.
1314 1207 1381 1270 τὸ
1428 1204 1502 1268 θ’
1549 1207 1790 1270 ἰωνικὸν
1845 1206 1960 1270 ἀπὸ
2017 1209 2282 1287 μείζονος

249 1298 526 1378 δίμετρον
571 1297 1140 1378 βραχυκατάληκτον.
1283 1296 1349 1358 τὸ
1389 1293 1436 1357 ι’
1473 1295 1751 1378 ἰαμβικὸν
1799 1297 2070 1378 δίμετρον
2109 1290 2281 1358 Ἀνα-

247 1384 596 1467 κρεόντειον.
733 1385 796 1448 τὸ
836 1380 924 1446 ια’
962 1385 1203 1448 ἰωνικὸν
1239 1384 1358 1447 ἀπὸ
1405 1387 1670 1465 μείζονος
1716 1387 1987 1466 δίμετρον
2032 1408 2281 1466 παρατε-

248 1472 609 1556 τηρημένον·
673 1473 784 1552 τὴν
828 1474 940 1555 γὰρ
993 1475 1233 1556 πρώτην
1289 1474 1572 1556 συζυγίαν
1627 1474 1743 1536 ἀπὸ
1792 1475 2062 1556 βραχείας
2109 1473 2280 1556 ἀρχο-

251 1562 440 1642 μένην
468 1562 760 1642 έποίησεν.
823 1559 1041 1645 [ἤγουν
1066 1565 1303 1625 παίωνα
1332 1559 1651 1645 δεύτερον]
1753 1563 1818 1625 τὸ
1847 1560 1936 1644 ιβ’
1964 1563 2281 1625 έπιωνικὸν

169 1673 223 1714 15
249 1650 366 1713 ἀπὸ
395 1653 666 1731 μείζονος
702 1653 1006 1733 τρίμετρον
1041 1652 1467 1732 καταληκτικὸν
1505 1651 1561 1727 ἐξ
1600 1651 2021 1714 ἀντισπάστου·
2068 1652 2178 1732 τὴν
2216 1650 2281 1714 δὲ

247 1741 594 1802 κατακλεῖδα
631 1741 695 1802 ἐκ
731 1743 1004 1822 τροχαίου
1038 1740 1139 1802 καὶ
1182 1751 1288 1821 τῆς
1323 1740 1675 1823 ἀδιαφόρου.
1818 1741 1884 1802 τὸ
1921 1737 2006 1823 ιγ’
2040 1765 2281 1823 χοριαμ-

250 1829 420 1909 βικὸν
468 1831 742 1911 δίμετρον
783 1830 1208 1910 καταληκτικὸν
1243 1831 1328 1903 εἰς
1366 1831 1651 1911 ἰαμβικὴν
1686 1831 2034 1892 κατακλεῖδα
2078 1853 2279 1910 περαι-

253 1919 542 1999 ούμενον,
587 1916 884 1981 τουτέστιν
921 1919 1005 1993 εἰς
1042 1918 1425 2002 ἀμφίβραχυν
1468 1918 1509 2001 ἢ
1554 1923 1828 2002 βακχεῖον
1866 1918 2066 1983 διὰτὸ
2112 1919 2281 1981 ἀδιά-

252 2032 447 2090 φορον
490 2017 598 2087 τῆς
641 2009 988 2082 τελευταίας.

196 2244 249 2284 20
375 2214 689 2295 εΤπόθεσις
733 2232 851 2283 τῶν
891 2216 1373 2301 Ὀλυμπιονίκων.
2278 2242 2310 2285 Α

381 2364 566 2424 Insor.
599 2384 653 2425 a.
699 2362 1026 2446 Γέγραπται
1057 2362 1163 2444 μὲν
1191 2362 1222 2425 ὅ
1251 2364 1541 2437 ἐπινίκιος
1560 2360 1783 2445 Ἱέρωνι
1810 2370 1889 2449 τῷ
1909 2362 2175 2437 Γέλωνος
2202 2383 2496 2439 ΑυεΡΗκο

251 2451 489 2537 ἀδελφῷ
537 2451 848 2530 νικήσαντι
901 2454 1060 2539 ἵππῳ
1113 2451 1308 2533 κέλητι
1363 2453 1473 2533 τὴν
1520 2449 1620 2519 ος’
1659 2448 2053 2532 Ὀλυμπιάδα,
2115 2451 2156 2533 ἢ
2204 2451 2285 2527 ὡς

249 2541 398 2604 ἔνιοι
456 2541 689 2623 ἅρματι.
800 2538 832 2603 ὃ
898 2539 961 2603 δὲ
1014 2541 1194 2616 αὐτὸς
1251 2548 1391 2628 νικᾷ
1450 2542 1550 2603 καὶ
1607 2542 1717 2621 τὴν
1776 2538 1868 2615 οζ’
1921 2536 2285 2621 Ὀλυμπιάδα

392 2773 461 2822 13
499 2765 807 2835 Hephaest.
847 2785 900 2835 p.
932 2772 1000 2819 3⁷
1029 2766 1116 2821 W.
1294 2773 1361 2821 14
1400 2768 1515 2821 sch.
1555 2767 1858 2838 Hephaest.
1896 2786 1951 2837 p.
1984 2772 2103 2834 193,
2134 2773 2163 2821 7
2192 2766 2281 2820 W.

391 2987 424 3035 2
480 2980 547 3035 τὸ
592 2985 674 3049 ρ-οο
720 2980 784 3035 τὸ
833 2986 905 3035 ff
955 2977 1186 3035 ἐκτείνει
1230 2980 1351 3047 Tz.;
1404 2989 1505 3035 τοῦ
1553 2978 1617 3035 δέ
1672 3000 1731 3050 γε
1788 2979 1943 3044 κλέος
1996 2980 2071 3043 ὡς
2123 2980 2285 3047 κοινὴ

251 3054 309 3107 τὸ
345 3059 421 3115 ὅξ
469 3050 906 3124 ἐκλαμβανέσθω
945 3052 1022 3105 id.
1062 3052 1144 3120 (ἐν
1182 3054 1314 3106 ante
1362 3051 1631 3119 εὐάνορος
1674 3068 1786 3105 11011
1822 3052 1965 3121 legit
1999 3050 2285 3119 metricus)

348 3131 382 3181 4
421 3122 618 3195 μέσον]
657 3122 718 3177 ἐν
753 3127 832 3195 τῷ
859 3120 1004 3195 μέσῳ
1042 3122 1134 3175 Tz.
1183 3127 1200 3191 n
1245 3124 1559 3179 παιωνικὸν
1597 3122 1859 3191 δεύτερον
1898 3122 1989 3175 Tz.
2096 3127 2160 3175 12
2201 3118 2286 3175 δί-

253 3215 450 3264 μετρον
479 3193 869 3263 ἀκατάληκτον
897 3194 989 3247 Tz.
1103 3199 1168 3247 14
1199 3193 1729 3263 ἤγουν-δεύτερον
1759 3194 1962 3248 seclusi
1990 3193 2139 3263 (hab.
2170 3193 2286 3262 Tz.)

358 3272 426 3320 16
464 3264 591 3336 (col.
624 3264 734 3335 ιγ’).
773 3269 850 3319 τῶ
895 3273 992 3333 τῆς
1039 3274 1284 3335 στροφῆς
1334 3286 1395 3336 γε
1445 3264 1611 3337 τρίτῳ
1664 3263 1859 3335 ὅμοιον
1908 3264 2035 3317 add.
2084 3264 2177 3317 Tz.

255 3342 316 3389 21
364 3336 468 3407 μὲν
515 3337 584 3392 A:
633 3354 739 3391 om.
779 3320 829 3391 V
863 3338 882 3405 ΙΙ
928 3332 1180 3400 ἐπίνικος
1226 3340 1264 3393 Η
1311 3339 1332 3406 ΙΙ
1375 3340 1451 3408 τῷ
1504 3345 1605 3390 τοῦ
1655 3338 1715 3390 Γ.
1759 3337 1841 3392 ΡΙ(
2021 3341 2087 3388 22
2136 3333 2289 3417 ι”ππφ

256 3424 357 3463 om.
407 3407 609 3464 DEHss
653 3407 674 3480 ΙΙ
728 3406 1083 3477 ὶπποκέλλητι
1141 3409 1226 3464 Η(
1293 3408 1312 3477 11
1389 3406 1477 3467 ος’
1530 3406 1887 3461 scribendum
1944 3422 2064 3460 esse
2122 3404 2289 3458 evimb

254 3496 378 3548 pap.
429 3478 476 3533 Ο
579 3477 635 3533 h.
678 3477 931 3546 CCXXII,
973 3485 1020 3545 1,
1053 3485 1143 3533 19:
1184 3477 1273 3548 oy'
1315 3478 1476 3533 codd.
1532 3481 1552 3548 ΙΙ
1606 3477 1697 3537 ος’
1732 3475 2104 3546 Ὀλυμπιάδα,
2142 3473 2177 3543 ἢ
2215 3475 2290 3535 ὡς

259 3548 395 3605 ἔνιοι
430 3496 581 3623 (Ξῖ
620 3548 724 3614 οζ’,
760 3550 863 3619 τὴν
901 3549 963 3605 δὲ
992 3549 1132 3623 οη’>
1171 3548 1377 3619 ἅρματι
1411 3548 1626 3619 Bergk⁴
1660 3568 1717 3618 p.
1750 3554 1784 3601 4
1948 3552 2013 3599 23
2052 3545 2150 3598 καὶ
2185 3543 2287 3610 τὴν

260 3620 338 3687 οζ’
378 3625 511 3697 νικᾷ
559 3637 667 3675 om.
701 3619 1047 3691 Ὀλυμπιάδα
1087 3621 1280 3677 ΒΕΗΟ
1323 3624 1345 3690 ΙΙ
1388 3622 1485 3674 καὶ
1521 3619 1623 3689 τὴν
1661 3637 1767 3673 om.
1806 3617 1849 3672 Α
