2646 3882
375 214 500 278 172
910 237 917 242 ·
1265 214 1491 270 Scholia.

159 398 371 455 80080
513 384 593 442 78
614 383 655 441 f.
700 379 963 461 ἀμεμφῆ
1012 381 1106 444 ἰὸν
1150 375 1273 443 εἶπε
1319 382 1384 444 τὸ
1431 379 1560 461 μέλι
1605 381 2016 464 σκληρότερον·
2071 380 2102 443 ὁ
2148 381 2259 465 γὰρ
2308 382 2398 456 ἰὸς

373 470 709 552 μοχθηρίαν
754 468 887 532 τινὰ
932 470 1271 547 ὑποφαίνει.
1409 493 1465 551 g.
1512 469 1593 544 ὡς
1639 469 1736 533 ἐπὶ
1793 471 2134 552 δρακόντων
2185 469 2250 533 δὲ
2296 471 2398 534 τὸν

372 557 466 620 ἰὸν
520 553 703 621 εἶπεν·
771 557 1088 639 ἀποβάλλει
1139 559 1252 642 γὰρ
1299 557 1331 620 ὅ
1388 559 1624 640 δράκων
1685 559 1804 622 ἰόν·
1869 563 2058 646 βουλῇ
2115 558 2180 622 δὲ
2234 567 2398 623 θεῶν

372 645 452 721 ὦς
498 652 784 728 μελισσῶν
828 646 1024 721 ἄνθος
1068 645 1188 727 ἡδὺ
1232 649 1455 729 γίνεται
1499 647 1600 710 καὶ
1643 643 1776 712 οἷον
1821 647 1902 722 ὠς
1949 647 2093 729 μέλι.

183 753 347 810 acto
373 739 430 796 h.
478 734 691 810 ἄλλως·
739 735 1108 817 ἠστειεύσατο
1154 735 1336 798 εἰπὼν
1382 735 1516 800 ἀντὶ
1559 747 1666 799 τοῦ
1713 738 1811 799 ἰοῦ
1856 737 1986 818 μέλι
2028 736 2315 819 προϊέναι.
2453 763 2479 804 5

160 842 369 899 808εο
406 827 443 886 i.
492 824 555 887 τὸ
617 823 682 887 δὲ
745 832 989 906 σημεῖον
1050 825 1139 888 ὅτι
1198 825 1292 888 ἰὸν
1353 831 1631 906 μελισσᾶν
1689 820 1814 888 εἶπε
1871 827 1937 888 τὸ
1998 825 2129 907 μέλι
2188 826 2288 889 διὰ
2331 826 2397 889 τὸ

370 912 660 994 ἀφίεσθαι
713 908 821 976 ὑπ’
861 914 1081 977 αὐτῶν·
1143 914 1293 994 φησὶ
1357 913 1421 976 δὲ
1473 914 1580 976 τὸν
1609 912 1819 995 Ἴαμον
1873 915 1992 978 ὑπὸ
2059 915 2400 998 δρακόντων

370 1001 554 1082 μέλιτι
598 1013 914 1085 τραφῆναι.

204 1109 369 1166 aneo
509 1097 588 1154 79
613 1114 663 1156 a.
727 1091 1065 1173 βασιλεὺς
1118 1085 1179 1153 δ’
1226 1091 1381 1154 ἐπεὶ
1435 1091 1899 1173 πετραέσσαςε
1953 1103 2060 1174 τῆς
2114 1095 2395 1176 τραχείας.

457 1182 513 1241 b.
559 1181 624 1243 τὸ
687 1180 752 1244 δὲ
808 1180 973 1262 ἑξῆς,
1030 1177 1386 1263 πετραέσσας
1439 1185 1764 1256 Πυθῶνος.
1912 1203 1959 1243 e.
2016 1181 2048 1245 ὅ
2103 1180 2168 1244 δὲ
2222 1191 2397 1257 νοῦς·
2428 1209 2481 1248 10

368 1269 573 1349 ἐπειδὴ
631 1260 746 1334 οὖν
802 1263 991 1351 ἦλθεν
1048 1268 1114 1332 ἐκ
1171 1279 1277 1332 τοῦ
1338 1271 1616 1350 μαντείου
1677 1268 1708 1331 ὁ
1779 1271 2054 1351 βασιλεὺς
2109 1272 2398 1352 Αἴπυτος,

370 1356 618 1440 ἀνήρετο
680 1360 906 1433 πάντας
964 1359 1102 1432 τοὺς
1166 1357 1232 1420 ἐν
1290 1369 1362 1444 τῇ
1424 1359 1582 1444 οἰκίᾳ
1640 1359 1774 1441 περὶ
1831 1370 1938 1422 τοῦ
1997 1359 2397 1442 γεννηθέντος

371 1447 587 1521 παιδὸς
631 1446 749 1510 ’ὑπὸ
794 1456 900 1527 τῆς
944 1447 1249 1528 Εὗάδνης.

160 1554 367 1611 808Εο
507 1539 664 1598 848.
729 1535 892 1618 περὶ
942 1543 1255 1599 θνατῶνε
1318 1545 1609 1619 περισσῶς
1660 1533 1809 1618 ὑπὲρ
1874 1537 2102 1611 πάντας
2155 1535 2396 1619 ἀνθρώ-

308 1682 315 1690 .
370 1647 539 1697 πους.
674 1626 731 1686 b.
777 1624 931 1706 ἔλεγε
966 1624 1079 1708 γὰρ
1116 1625 1298 1689 αὐτὸν
1333 1625 1400 1688 ἐκ
1433 1625 1653 1707 πατρὸς
1685 1619 2051 1698 ’Λπόλλωνος
2087 1624 2395 1707 γεγονέναι
2425 1651 2478 1692 15

369 1712 472 1774 καὶ
515 1723 804 1792 περισσῶς
847 1711 997 1795 ὑπὲρ
1041 1716 1267 1789 πάντας
1303 1712 1668 1796 ἀνθρώπους
1712 1711 1990 1796 γενέσθαι
2035 1715 2250 1794 μάντιν
2293 1714 2396 1777 καὶ

377 1799 666 1882 μηδέποτε
711 1802 897 1865 αὐτοῦ
942 1802 1007 1865 τὸ
1052 1801 1224 1885 γένος
1270 1804 1604 1866 διαλείπειν.

205 1909 371 1967 cneo
510 1894 593 1954 84
615 1912 661 1953 ο.
725 1891 791 1954 τὸ
836 1890 953 1974 ἔφη
1000 1890 1117 1955 ἀπὸ
1162 1902 1421 1979 κοινοῦ..
1524 1893 1579 1953 d.
1626 1891 1739 1972 τὴν
1793 1893 2073 1973 μαντείαν
2121 1887 2393 1957 οὐδέποτ’

368 1980 665 2131 ἐκλείψῖειν
716 1979 827 2060 τὴν
879 1980 1090 2063 γενεὰν
1143 1982 1332 2045 αὐτοῦ
1387 1980 1488 2043 διὰ
1546 1979 1613 2044 τὸ
1659 1976 1764 2043 ἀπ’
1807 1982 1992 2045 αὐτοῦ
2037 1983 2178 2056 τοὺς
2215 1976 2398 2063 Ἰαμί-

373 2069 481 2144 δας
525 2092 552 2131 ε
578 2095 693 2132 ναι.
2425 2096 2480 2137 20

321 2179 353 2222 Α
512 2162 671 2221 868..
739 2154 1066 2222 οὐδέποτ’
1115 2159 1506 2239 ἐκλείψεινε
1572 2158 1672 2221 διὰ
1733 2159 1799 2222 τὸ
1864 2156 1968 2221 ἀπ’
2011 2160 2196 2223 αὐτοῦ
2259 2160 2398 2235 τοὺς

364 2243 624 2328 Ἰαμίδας
667 2243 835 2311 εἶναι.
970 2250 1026 2309 b.
1072 2250 1213 2322 τοὺς
1257 2247 1614 2331 ἀπογόνους.

317 2356 349 2399 Α
506 2340 663 2399 878..
730 2333 872 2401 οὔτ’
914 2330 1009 2399 ὧν
1062 2336 1393 2400 ἀκοῦσαιε
1454 2337 1584 2398 ἀντὶ
1638 2346 1746 2400 τοῦ
1799 2336 1998 2419 ἔλεγον
2052 2338 2197 2417 μήτε
2251 2336 2399 2419 ἀκη·

370 2424 573 2489 κοὲναι
629 2426 842 2500 παιδὸς
915 2426 1059 2507 μήτε
1130 2427 1281 2488 ἰδεῖν
1352 2427 1568 2505 παῖδα,
1640 2424 1760 2506 ἤδη
1823 2422 1868 2487 ε’
1927 2423 2096 2509 [γὰρ]
2160 2424 2398 2508 ἡμερῶν

373 2514 741 2577 διελθουσῶν
784 2524 890 2594 τῆς
933 2513 1210 2596 γενέσεως
1254 2524 1362 2577 τοῦ
1407 2514 1640 2589 παιδός.
2425 2538 2478 2580 25

84 2602 91 2611 ’
161 2621 368 2679 808εο
508 2605 665 2664 87b.
748 2603 857 2665 τοὶ
922 2599 977 2665 δ’
1028 2598 1174 2667 οὔτ’
1225 2597 1346 2666 ὦνε
1411 2604 1476 2665 οἱ
1531 2597 1659 2665 κατ’
1720 2597 1889 2666 οἷκον
1950 2613 2058 2666 τοῦ
2121 2604 2396 2666 Αἰπύτου

370 2692 750 2773 θεράποντες.

160 2799 368 2856 acuto
507 2783 589 2842 88
613 2802 665 2842 8.
730 2768 1136 2862 <εὔχοντοτ>
1180 2776 1376 2844 εἶπον·
1423 2786 1504 2867 τῷ
1549 2779 1660 2864 γὰρ
1706 2778 1947 2862 εὔχοντο
1993 2779 2127 2842 ἀντὶ
2170 2789 2275 2842 τοῦ
2313 2774 2396 2841 εἷ-

371 2889 489 2931 πον
536 2870 599 2932 oi
637 2870 925 2944 Λάκωνες
968 2879 1236 2953 χρῶνται.
1300 2893 1354 2933 89
1369 2888 1401 2932 8

516 3100 544 3147 1
585 3095 833 3165 ἀμεμφεῖ
865 3095 932 3167 ἰῷ
966 3110 1177 3166 praem.
1210 3094 1293 3152 (lv
1320 3096 1340 3164 ΙΙ
1365 3094 1428 3149 τὸ
1466 3093 1586 3164 μέλι
1623 3090 1990 3164 σκληρότερον
2015 3090 2135 3149 θῦε
2174 3092 2238 3147 τὸ
2276 3092 2398 3163 μέλι

373 3166 457 3221 Βν
508 3166 573 3221 τὸ
612 3164 977 3235 σκληρότερον
1017 3169 1054 3223 Ε
1104 3166 1169 3221 τὸ
1208 3164 1328 3236 μέλι
1361 3165 1426 3220 τὸ
1465 3162 1831 3236 σκληρότερον
1869 3163 1953 3221 uh
1991 3166 2010 3233 Η
2053 3162 2180 3227 υἱὸς
2218 3166 2255 3219 Ε

514 3242 547 3289 4.
585 3233 821 3309 γίνεται]
861 3235 1128 3306 φαίνεται
1165 3239 1247 3292 Βν
1393 3242 1425 3290 ὅ
1463 3236 1823 3306 ἠστιεύσαντο
1864 3237 1903 3291 Ε
1925 3236 1946 3305 n
1971 3242 2072 3289 τοῦ
2111 3252 2216 3290 om.
2250 3236 2286 3291 Ε

374 3311 405 3360 6
440 3306 505 3361 τὸ
543 3305 662 3376 μέλι
700 3324 805 3363 om.
848 3310 931 3364 Βν
1086 3313 1115 3361 ‘1
1154 3307 1266 3363 ἀπὸ
1307 3310 1345 3363 Ε
1498 3310 1530 3361 9
1566 3304 1826 3377 τρηχείας
1864 3307 1900 3362 Ε
2057 3312 2122 3362 15
2162 3307 2398 3377 ἔλεγε-

374 3382 441 3431 16
480 3377 824 3445 ἀνθρώπους
850 3396 957 3434 om.
989 3380 1030 3435 Β
1150 3385 1215 3433 16
1255 3378 1458 3449 μάντιν
1486 3398 1599 3448 γεν.
1628 3378 1974 3445 ἀνθρώπους
1999 3392 2033 3433 v
2168 3384 2232 3433 19
2269 3378 2398 3505 τὴνὲ

370 3447 475 3502 τεὼ
510 3450 547 3503 Ε
574 3450 593 3517 ΙΙ
619 3445 719 3502 ὑπ’
755 3451 792 3504 Ε
918 3455 983 3506 21
1023 3449 1160 3505 οὐδέ
1194 3447 1576 3519 ποτέκελείψει
1703 3454 1770 3503 22
1805 3446 2097 3519 Ἰαμμίὸας
2222 3456 2290 3505 23
2328 3470 2359 3505 ο

370 3526 482 3574 τῶν
514 3534 529 3549 ·
625 3524 695 3573 24
730 3519 837 3590 γὰρ
876 3521 982 3575 del.
1022 3523 1057 3577 h
1229 3526 1297 3576 25
1336 3518 1400 3575 st.
1441 3519 1642 3593 (ἀπὸ)
1670 3528 1778 3603 τῆς
1813 3540 1926 3590 γεν.
2091 3528 2158 3577 26
2195 3522 2234 3577 l.
2275 3522 2396 3579 Bss:

370 3589 460 3644 τοὶ
494 3585 552 3643 δ’
587 3587 707 3644 οὔτ’
740 3585 819 3646 ὦν
855 3592 1097 3647 ἀκοῦσαι
1134 3591 1275 3648 GDE
1421 3596 1489 3646 28
1527 3591 1563 3645 l.
1604 3591 1804 3646 adchdi
1831 3594 1850 3663 ΙΙ
1876 3591 2118 3663 ηὔχοντο
2159 3594 2195 3651 Ε

2631 2600 2646 2634 .,
