2646 3882
362 211 449 274 64
1258 208 1485 264 Scholia

357 375 457 439 ἐπὶ
492 387 610 438 τῶν
637 378 745 456 τὴν
773 377 962 440 Γέλαν
997 376 1331 457 ἐκτικότων,
1356 370 1481 438 ἀλλ’
1507 377 1579 439 οὐ
1607 376 1716 456 τὴν
1738 371 2245 458 Ἀκράγαντα.οἱ
2274 373 2383 455 μὲν

357 466 470 547 γὰρ
499 465 614 528 ἀπὸ
651 477 757 530 τοῦ
795 464 1015 553 ράστου
1053 468 1538 552 συνῳκίσθησαν,
1575 467 1639 527 οἱ
1670 463 1735 527 δὲ
1768 471 2027 547 χαλεπῶς
2063 464 2165 526 καὶ
2201 465 2382 545 μόλις.

349 549 715 636 Ἀντίφημος
750 556 863 638 γὰρ
902 553 933 617 ὁ
956 553 1174 629 Ῥόδιος
1209 553 1353 618 καὶ”
1338 560 1603 636 Εντιμος
1640 552 1671 616 ὁ
1702 554 1888 636 Κρὴς,
1925 556 1988 617 οἱ
2018 553 2129 634 τὴν
2164 555 2247 628 εἰς
2274 553 2383 615 Γέ-

356 649 466 706 λαν
513 647 836 719 στείλαντες
883 643 1189 722 ἀποικίαν,
1242 654 1477 726 πρῶτον
1523 643 1631 725 μὲν
1684 643 1818 725 περὶ
1871 642 1981 723 τὴν
2028 642 2385 726 συναγωγὴν

286 763 290 766 ·
357 732 577 814 ἔκαμον
624 735 696 797 οὐ
743 736 1014 816 μετρίως,
1070 735 1565 814 συναθροίζοντες
1619 734 1759 807 τοὺς
1802 731 1865 794 ἐκ
1911 733 2383 812 Πελοποννήσου
2442 750 2467 790 5

357 822 458 885 καὶ
496 817 698 886 Ῥόδου
742 823 843 886 καὶ
889 823 1156 906 Κρήτης,
1214 817 1337 885 εἶτα
1390 821 1524 904 περὶ
1567 821 1670 884 τὸν
1715 823 2036 901 διάπλουν,
2082 815 2205 883 εἶτα
2247 820 2384 904 περὶ

355 911 460 973 τὸν
532 913 910 993 κατοικισμὸν
927 959 944 992 ,
1025 913 1126 974 καὶ
1200 913 1381 974 πάλιν
1449 912 1940 993 διαγωνισάμενοι
2014 909 2164 992 πρὸς
2238 911 2382 985 τοὺς

355 1003 676 1074 Σικανούς.
805 1022 851 1065 ο.
900 1002 1290 1083 Μενεκράτης
1326 999 1393 1062 δέ
1437 1020 1601 1075 (BHG
1627 1023 1690 1073 11,
1709 1021 1807 1073 344)
1854 1017 2005 1079 φησι
2038 1005 2240 1081 ληρεῖν
2276 1000 2382 1063 τὸν

353 1083 704 1170 Ἀρτέμωνά
763 1091 844 1171 μὴ
891 1090 1002 1171 γὰρ
1056 1097 1266 1170 καμεῖν
1321 1090 1463 1163 τοὺς
1508 1087 1641 1170 περὶ
1682 1083 2045 1169 Ἀντίφημον
2090 1088 2224 1171 περὶ
2266 1089 2379 1169 τὴν

357 1177 670 1259 ἀποικίαν,
705 1178 849 1241 ἀλλὰ
895 1185 1118 1259 μᾶλλον
1161 1178 1310 1241 κατὰ
1348 1177 1650 1240 εὐπέτειαν
1684 1177 1910 1257 πολλὴν
1946 1178 2149 1252 αὐτοῖς
2184 1179 2382 1241 πάντα
2410 1195 2464 1235 10

355 1267 806 1349 συμβεβηκέναι.
895 1268 1030 1349 περὶ
1084 1269 1262 1330 τίνων
1319 1259 1432 1329 οὖν
1476 1267 1626 1348 λέγει
1642 1281 1655 1294 ·
1710 1268 1997 1346 καμόντες
2051 1270 2111 1329 οἳ
2161 1269 2379 1344 πολλάς

355 1355 488 1438 περὶ
531 1366 649 1419 τῶν
699 1357 984 1438 Θήρωνος
1027 1356 1357 1438 προγόνων.
1446 1357 1695 1429 τούτους
1737 1355 1850 1437 γὰρ
1892 1357 2199 1437 Θηβαίους
2243 1355 2379 1419 ἀνέ-

353 1451 544 1508 καθεν
590 1445 706 1508 ἀπὸ
752 1447 1005 1526 Κάδμου
1060 1440 1228 1507 εἶναι.
1318 1445 1573 1526 Κάδμου
1629 1444 1802 1527 γὰρ.
1924 1446 2377 1528 ,Πολύδωρος

352 1543 458 1596 τοῦ
517 1532 597 1596 δὲ
642 1536 878 1616 Αἵμων·
952 1544 1162 1597 τοῦτον
1226 1532 1289 1595 δὲ
1360 1533 1427 1596 έν
1498 1535 1831 1646 κυνηγεσίῳ
1879 1492 2185 1614 ἐμφύλιόν
2246 1558 2382 1596 τινα

353 1620 779 1686 ἀποκτείναντα
814 1617 1108 1702 Ἀθήναζε
1153 1622 1509 1703 ἀποστῆναι·
1558 1623 1698 1696 τους
1743 1621 1807 1684 δὲ
1852 1621 1968 1684 ἀπὸ
2012 1623 2225 1685 τούτου
2263 1625 2461 1685 moi-1⁵

353 1715 447 1772 λιν
493 1711 551 1787 ἐξ
594 1706 873 1792 Ἀθηνῶν
920 1710 1287 1785 ἀποστάντας
1342 1712 1455 1774 σὺν
1508 1717 1633 1785 τοῖς
1675 1705 1957 1793 Ἀργείοις
1994 1709 2194 1774 Ρόδον
2238 1736 2380 1774 κατ-

354 1809 619 1881 οικῆσαι,
671 1800 774 1863 καὶ
826 1801 968 1882 μετὰ
1022 1811 1203 1863 ταῦτα
1257 1799 1460 1863 ἐλθεῖν
1505 1802 1591 1873 εἰς
1631 1793 2023 1883 Ἀκράγαντα,
2068 1800 2169 1863 καὶ
2214 1800 2381 1884 μέχρι

359 1889 644 1972 Θήρωνος
706 1889 848 1953 ἑπτὰ
926 1890 1074 1974 πρὸς
1145 1896 1273 1964 ταῖς
1346 1888 1497 1953 ὀκτὼ
1578 1889 1783 1971 γενεὰς
1855 1896 2378 1972 συναριθμεῖσθαι.

355 1979 495 2053 ἴσως
539 1971 652 2042 οὗν
707 1979 856 2062 πρὸς
909 1990 1092 2042 ταῦτα
1135 1978 1382 2062 ἀφορῶν
1431 1978 1463 2041 ὁ
1510 1979 1817 2061 Πίνδαρός
1861 1998 2035 2059 φησι·
2090 1980 2380 2060 καμόντες

142 2085 354 2141 sueno
392 2070 454 2131 οἳ
495 2069 679 2131 πολλὰ
725 2076 906 2155 θυμῷ
953 2069 1112 2151 ἱερὸν
1157 2069 1327 2151 ἔσχον
1372 2070 1591 2149 οἴκημα
1633 2078 1919 2149 ποταμοῦ.
2054 2070 2107 2129 (1.
2157 2069 2379 2150 οἴκημα
2407 2087 2461 2127 20

354 2155 418 2219 δὲ
462 2168 731 2239 ποταμοῦ
773 2157 912 2266 τὴν
929 2158 1104 2221 πόλιν
1149 2153 1275 2220 εἷπε
1316 2158 1415 2219 διὰ
1450 2156 1562 2237 τὴν
1599 2156 1961 2238 ὁμωνυμίαν.
2100 2178 2147 2218 e.
2193 2159 2380 2220 λείπει

305 2244 417 2307 δὲ
464 2244 502 2326 ἡ
549 2245 674 2327 ἐπὶ,
730 2248 830 2309 ινα
873 2236 945 2333 ᾖ,
989 2247 1054 2309 τὸ
1111 2246 1207 2309 ἐπὶ
1259 2258 1367 2309 τοῦ
1421 2257 1690 2327 ποταμοῦ
1746 2248 1965 2327 οἴκημα
2018 2245 2189 2328 ἔσχον
2199 2291 2219 2327 ,
2265 2247 2379 2327 τὴν

352 2334 541 2398 πόλιν.

321 2442 352 2484 Α
535 2428 615 2486 18
632 2446 684 2486 a.
759 2423 1170 2505 ὀφθαλμόςε
1253 2424 1387 2487 ἀντὶ
1457 2434 1563 2487 τοῦ
1636 2426 2007 2506 περίβλεπτοι
2076 2418 2233 2505 ἦσαν
2307 2424 2375 2487 ἕν

498 2675 525 2722 1
566 2667 659 2723 ἐπὶ
706 2667 873 2724 ΕΗΒ.
929 2667 1069 2734 ὑπὲρ
1127 2668 1211 2721 Βν
1253 2669 1272 2736 ΙΙ
1307 2663 1631 2736 Ἀκράγαντι
1685 2667 1722 2722 Ε
1913 2672 1945 2719 2
1996 2674 2096 2721 του
2143 2663 2377 2736 ραίστου

355 2739 445 2793 ΒΗ
502 2735 709 2812 ῥ’άστου
748 2738 789 2795 ss
843 2736 1070 2807 ὀρέστου
1110 2740 1146 2792 Ε
1172 2740 1190 2807 ΙΙ
1237 2736 1396 2807 μόγις
1434 2740 1521 2794 ΕΗ
1682 2743 1714 2791 8
1751 2737 1806 2792 οἱ
1841 2737 1943 2807 τὴν
1982 2739 2013 2791 b
2053 2688 2214 2807 (οἰ-
2237 2736 2379 2793 στεί-

351 2792 558 2870 λαντες
579 2810 668 2863 vel
705 2808 991 2873 οἵτινες-
1013 2810 1258 2865 ἔστειλαν
1264 2808 1495 2900 Beck).
1553 2806 1754 2871 οἵτινες
1904 2816 1938 2864 4
1976 2805 2239 2865 στείλοντ’
2286 2811 2322 2864 Ε
2359 2811 2377 2880 ΙΙ

351 2887 572 2946 πρῶτον
607 2884 782 2950 repefi.
815 2882 851 2937 Ε
959 2886 990 2933 5
1028 2880 1180 2952 τους]
1216 2879 1289 2934 τὰ
1319 2881 1357 2936 Ε
1465 2886 1496 2934 6
1536 2875 1655 2934 εἶτα
1687 2883 1743 2936 b:
1784 2880 1862 2942 εἰς
1896 2880 2009 2951 τ(δι)
2049 2880 2139 2935 BG
2196 2880 2277 2941 εἰς
2310 2880 2375 2935 τὸ

353 2949 435 3006 ssv
486 2951 565 3013 εἰς
599 2952 699 3007 τὸν
740 2954 827 3008 ΕΗ
957 2958 986 3005 ’1
1027 2951 1282 3021 οἰκισμὸν
1312 2953 1398 3006 BV
1423 2954 1442 3021 ΙΙ
1470 2951 1947 3042 διαγωνισάμενος
1976 2955 2012 3007 Ε
2140 2956 2173 3005 8
2210 2954 2376 3007 Σικε-

349 3019 480 3082 λούς
518 3023 554 3076 Ε
579 3024 598 3092 ΙΙ
625 3021 691 3077 δέ
728 3040 864 3093 φησι
900 3024 1112 3095 ληρεῖν]
1150 3025 1423 3093 φαληρεῖν
1464 3025 1500 3078 Ε
1617 3028 1647 3076 9
1675 3020 1759 3092 Ἄρ
1762 3021 1891 3092 τέμο
1895 3044 1967 3077 να
2007 3025 2046 3078 Β
2168 3027 2233 3076 10
2272 3023 2378 3077 αὐ-

350 3100 469 3155 τοῖς
497 3095 573 3148 Βε.
594 3095 767 3148 αὐτοῦ
800 3097 836 3150 Ε
892 3096 1078 3150 αὐτῶν
1109 3096 1147 3149 Η
1206 3094 1312 3147 ain?
1355 3110 1494 3147 corr.
1522 3094 1583 3147 in
1620 3094 1769 3149 αὐτῶ
1800 3043 1891 3151 (Ilm
1866 3096 1885 3163 ΙΙ
1912 3093 2121 3166 πάντα]
2150 3093 2309 3161 παρὰ
2339 3096 2375 3149 Ε

497 3170 562 3218 13
599 3165 704 3219 lae.
745 3165 889 3235 expl.
928 3168 971 3221 Α
1002 3171 1069 3220 ’10
1107 3166 1212 3219 sic:
1262 3163 1523 3235 (Κάδμου
1567 3164 1697 3235 γὰρ)
1745 3166 2113 3254 Πολύδωρον·
2162 3173 2261 3220 τοῦ
2310 3164 2375 3220 δὲ

349 3233 677 3306 Λάβδακον
715 3244 815 3290 τοῦ
853 3237 917 3292 δὲ
944 3236 1149 3292 Λάιον·
1187 3244 1288 3291 τοῦ
1327 3234 1391 3290 δὲ
1424 3233 1734 3291 Οἰδίποδα·
1774 3232 1893 3291 εἶτα
1918 3233 2234 3292 ’'Et-sonunt
2272 3245 2374 3291 τοῦ

351 3304 416 3361 δὲ
443 3308 826 3377 (Πολύδωρον)
953 3313 1160 3362 14—18
1189 3306 1290 3363 cfr.
1309 3306 1505 3361 Thom.
1538 3312 1659 3375 110,
1679 3314 1747 3361 21
1775 3308 2073 3362 Ab.14
2100 3306 2316 3377 Αιμονα
2340 3310 2376 3363 Ε

351 3378 430 3446 (et
457 3379 500 3432 Α
530 3381 618 3447 ’10)
645 3380 664 3447 ΙΙ
694 3378 820 3446 ἐμφ.
857 3398 986 3433 τινα
1025 3380 1084 3433 ἐν
1121 3398 1314 3447 κυνηγ.
1357 3380 1393 3433 Ε
1540 3384 1604 3433 16
1643 3377 2019 3448 μεταστάντας
2048 3381 2135 3434 ΕΗ
2176 3378 2372 3433 Thom.

496 3453 561 3502 18
601 3447 740 3503 ἑπτὰ
774 3449 916 3517 πρὸς
949 3459 1074 3511 ταῖς
1110 3450 1252 3503 ὀκτὼ
1291 3450 1335 3503 Α
1374 3449 1507 3518 (sch.
1550 3453 1637 3520 ’10)
1670 3453 1727 3505 bx
1766 3448 1845 3515 κζ
1880 3450 1969 3507 ΕΒ
2015 3449 2194 3505 εἴκοσι
2234 3449 2377 3505 ἑπτὰ

352 3518 754 3643 ξΙῗιέΊῖᾎιοπι.)ἀ
800 3589 830 3643 ὸ
867 3525 934 3573 20
971 3522 1137 3591 θυμῷ
1173 3537 1280 3574 om.
1323 3522 1363 3575 Β
1508 3526 1576 3573 22
1614 3521 1649 3590 ἡ
1690 3521 1781 3576 ἐπὶ
1818 3538 1923 3576 om.
1966 3522 2002 3577 Ε
2138 3527 2208 3574 24
2246 3522 2379 3576 ἀντὶ

390 3606 420 3643 0
501 3604 554 3644 οι
596 3606 678 3643 ert
757 3607 799 3642 π
