2646 3882
371 206 501 269 322
1154 226 1159 231 ·
1266 208 1492 263 Scholia.

265 390 342 433 uc
506 375 588 433 45
608 374 665 432 b.
728 378 1029 454 πλαγαῖς
1087 397 1155 435 τε
1214 375 1542 456 σιδήρουε
1603 374 1702 437 διὰ
1756 375 1820 437 τὸ
1877 377 2403 438 κατασκάπτεσθαι

372 461 487 522 ὑπὸ
535 471 652 522 τῶν
699 461 990 541 σκαφέων.
2506 463 2512 466 ’

304 568 348 610 ·Α
506 554 587 611 46
612 572 667 615 a..
729 553 969 630 βαθὺν
1014 552 1114 625 εἰς
1162 549 1428 632 όχετόνε
1474 551 1880 632 καθεζομένην
1926 554 2008 627 εἰς
2045 553 2148 615 τὸν
2184 554 2399 634 βαθὺν

370 636 567 719 ὀχετὸν
612 649 716 720 τῆς
760 638 905 718 ἄτης
950 649 1053 720 τῆς
1093 640 1323 702 ἑαυτοῦ.
1458 642 1516 703 b.
1559 640 1771 715 ἄλλως·
1819 642 1903 715 εἰς
1941 643 2135 722 βάθος
2171 653 2394 705 κακῶν.

213 744 367 799 menz
503 732 584 789 46
608 749 655 790 ο.
720 730 959 809 βαθὺν
1004 729 1073 803 ἐς
1118 728 1361 811 ὀχετὸν
1401 727 1596 803 ἅταςε
1641 729 1787 792 κατὰ
1823 732 2184 812 περίφρασιν
2220 729 2392 811 ἄτην.
2453 756 2477 795 5

245 824 364 877 8⁸:⁸¹
454 819 509 877 d.
546 819 629 890 εἰς
666 818 851 897 ρἐῦμα
887 817 1029 897 ἄτης
1064 816 1448 898 ἐμπεσοῦσαν.
1494 837 1595 882 4⁷0
1680 814 1688 900 Ι
1739 842 1786 881 e.
1826 820 2106 892 ἵζοισαν
2143 818 2228 900 δὲ,
2265 820 2395 881 ε’πι-

364 904 734 986 καθημένην.

154 1010 409 1073 teuto,
501 998 584 1056 46
607 998 647 1055 f.
711 994 835 1057 ἐὰν
880 996 1117 1058 πόλινε
1172 996 1281 1075 τὴν
1337 996 1512 1058 πόλιν
1567 995 1714 1074 φασὶ
1758 1002 2070 1059 καλεῖσθαι
2119 999 2394 1061 Φύκτεον

366 1082 484 1145 ἀπό
520 1108 682 1157 τινος
718 1083 1013 1163 Φνκτέως,
1051 1079 1126 1146 οὗ
1162 1084 1453 1166 μέμνηται
1485 1084 1586 1147 καὶ
1605 1083 1880 1160 Ἡσίοδος
1919 1080 2018 1169 (fr
2053 1081 2163 1170 97)
2199 1088 2390 1149 οὕτω·

544 1199 655 1279 τὴν
700 1194 757 1262 δ’
794 1196 1254 1282 Ἀμαρυγκείδης
1291 1197 1724 1283 Ἱππόστρατος,
1771 1199 1902 1275 ὄζος
1930 1199 2170 1283 Ἄρηος,
2421 1226 2474 1265 10

548 1288 810 1362 Φυκτέος
856 1288 1070 1370 ἀγλαὸς
1114 1289 1265 1367 υἱὸς,
1306 1283 1558 1351 Ἐπειῶν
1604 1288 1855 1372 ὄρχαμος
1900 1289 2153 1371 ἀνδρῶν.
2209 1310 2307 1355 456

306 1420 337 1462 Α
502 1408 659 1467 47a.
733 1410 971 1477 νεῖκος
1036 1402 1109 1465 δὲ
1172 1404 1636 1485 κρεισσόνωνε
1717 1415 1836 1467 τῶν
1898 1406 2258 1488 κρεισσόνων
2320 1408 2388 1470 τὸ

365 1498 560 1566 νεῖκος
614 1492 688 1555 οὐ
743 1490 955 1577 ῥᾴδιόν
1001 1492 1157 1571 ἐστιν
1202 1491 1569 1555 ἀποθέσθαι·
1627 1492 1723 1555 ἐπὶ
1767 1494 1877 1576 γὰρ
1923 1502 2046 1569 τοῖς
2089 1496 2390 1576 κρείσσοσι

364 1587 545 1642 κεῖται
591 1582 655 1642 τὸ
701 1581 843 1643 ὅταν
888 1579 1105 1643 θέλωσι
1150 1587 1442 1662 πολεμεῖν.
1532 1583 1632 1645 καὶ
1660 1580 1923 1668 Ὅμηρος
1969 1578 2057 1669 (A
2097 1578 2237 1668 80)-

540 1697 822 1776 κρείσσων
867 1696 977 1778 γὰρ
1024 1698 1299 1778 βασιλεὺς
1349 1698 1441 1759 ὅτε
1486 1698 1726 1779 χώσεται
1770 1698 1946 1782 ἀνδρὶ
1989 1698 2169 1782 χέρηι.
2416 1722 2470 1763 15

146 1828 359 1884 Βοῠεο
498 1816 578 1872 47
604 1814 656 1874 b.
720 1818 959 1885 νεῖκος
1015 1810 1087 1873 δὲ
1141 1813 1573 1894 κρεσσόνωνε
1629 1817 1996 1897 παραφράζει
2040 1816 2104 1878 τὸ
2140 1812 2384 1897 Ὁμηρι-

357 1900 467 1962 κόν
516 1895 604 1984 (A
643 1894 781 1984 80)·

536 2001 820 2078 κρείσσων
864 1997 975 2081 γὰρ’
1021 2000 1295 2081 βασιλεὺς
1341 2001 1435 2061 ὅτε
1480 2002 1720 2082 χώσεται
1765 2001 1938 2084 ἀνδρὶ
1983 2003 2160 2084 χέρηι.

448 2137 494 2176 ο.
544 2114 578 2176 ὅ
632 2113 774 2176 ἔστι·
840 2115 905 2177 τὸ
969 2125 1087 2178 τῶν
1150 2115 1510 2199 κρεισσόνων
1569 2123 1765 2190 νεῖκος
1829 2118 1901 2179 οὐ
1961 2116 2172 2203 ῥᾴδιον
2230 2117 2380 2181 ἀπο-

357 2202 605 2268 θέσθαι·
653 2203 749 2266 ἐπὶ
792 2204 905 2287 γὰρ
949 2211 1072 2278 τοῖς
1116 2206 1400 2286 κρείττοσι
1442 2212 1624 2266 κεῖται
1669 2206 1732 2268 τὸ
1781 2206 1872 2268 ὅτε
1917 2206 2160 2269 θέλουσι
2207 2213 2380 2269 πολε·
2410 2230 2465 2270 20

163 2309 329 2354 Βαῠε
358 2298 503 2370 μεῖν.
648 2296 703 2354 d.
758 2292 971 2366 ἄλλως·
1038 2293 1337 2355 ἀδύνατον
1398 2295 1508 2376 γάρ
1562 2293 1683 2356 ἔστι
1745 2301 1824 2380 τῷ
1889 2297 2088 2375 ἥττονι
2141 2296 2204 2358 τὸ
2259 2307 2381 2358 τῶν

356 2381 756 2462 ὑπερεχόντων
800 2384 1011 2464 κράτος
1054 2382 1331 2444 ἐκκλῖναι.

297 2488 328 2530 Α
492 2474 649 2532 48a.
722 2469 1056 2544 κάκεῖνος
1119 2470 1524 2552 ἀβουλίαιςε
1599 2471 1730 2533 ἀντὶ
1793 2483 1898 2534 τοῦ
1963 2473 2208 2546 ὕστατος
2273 2483 2380 2553 τῆς

354 2557 621 2632 ἁλώσεως
657 2557 975 2621 ἀπέθανεν.
1102 2561 1158 2620 b.
1204 2559 1461 2621 τουτέστι
1503 2561 1640 2639 μετὰ
1687 2560 1752 2623 τὸ
1789 2559 2014 2623 ἁλῶναι
2055 2562 2165 2641 τὴν
2199 2563 2374 2624 πόλιν

354 2646 611 2708 ἀπώλετο
659 2649 757 2709 διὰ
804 2648 911 2728 τὴν
956 2648 1169 2710 ἑαυτοῦ
1215 2647 1523 2728 ἀβουλίαν.
2405 2673 2460 2712 25

143 2753 353 2810 800εο
490 2740 571 2796 48
596 2758 643 2797 c.
706 2735 1039 2810 κάκεῖνος
1084 2736 1486 2816 ἀβουλίαιςε
1544 2737 1574 2798 ὅ
1620 2748 1769 2819 γοῦν
1814 2740 2073 2821 Αὐγείας
2117 2739 2218 2801 ’διὰ
2263 2739 2375 2819 τὴν

354 2826 578 2886 οἰκείαν
633 2823 843 2887 ἄνοιαν
906 2825 1041 2908 περὶ
1094 2825 1164 2887 τὰ
1218 2831 1514 2888 τελευταῖα
1568 2836 1673 2907 τῆς
1727 2825 1994 2901 ἁλώσεως
2049 2829 2374 2910 περιτυχὼν

495 3093 527 3138 5
566 3087 758 3156 βαθὺν
796 3085 853 3148 ἐς
889 3103 993 3140 om.
1035 3087 1072 3142 Ε
1252 3091 1284 3140 8
1322 3086 1359 3140 1.
1401 3086 1469 3143 ss:
1509 3104 1614 3141 om.
1658 3087 1748 3142 Bc
1803 3087 1908 3143 τὰν
1944 3107 2001 3142 π.
2044 3090 2080 3144 Ε
2133 3087 2240 3142 τὰν
2267 3088 2372 3143 πό-

350 3159 461 3218 λεις
498 3159 535 3212 D
566 3159 585 3226 ΙΙ
614 3174 751 3226 φησι
785 3161 905 3212 καλ.
948 3158 1089 3215 DEss
1134 3157 1197 3211 δὲ
1234 3162 1353 3212 καλ.
1393 3175 1534 3225 φασι
1564 3158 1695 3227 Bw)
1731 3160 1751 3228 11
1792 3159 2036 3214 Φόκτεον
2076 3159 2190 3218 Bc:
2227 3160 2373 3214 πύκ-

351 3247 478 3282 τεον
519 3230 554 3282 Ε
609 3227 860 3317 φυκτέαν
898 3229 1038 3284 00⁸⁰
1080 3229 1332 3296 φύκτεαν
1371 3229 1459 3285 (1⁹⁰
1603 3235 1635 3282 9
1679 3229 1919 3292 Φνκτέος
1956 3231 1993 3285 0
2140 3236 2206 3284 10
2243 3229 2370 3302 τὴν]

350 3297 419 3351 τὰ
461 3301 496 3353 Ε
544 3304 561 3367 ΙΙ
605 3297 1077 3370 Αμαραγκ(ε)ἰδης
1114 3300 1201 3355 ΒΕ
1349 3307 1412 3354 11
1457 3299 1708 3362 Φυκτέως
1744 3302 1874 3371 (εἰος
1911 3317 2045 3355 corr.
2083 3301 2374 3372 Heinsius)

352 3401 418 3408 —
439 3370 664 3438 ἀνδρῶν
704 3373 769 3424 B:
814 3373 1057 3433 Φυκτεὺς
1092 3369 1371 3442 ([φ]υκτές
1407 3374 1468 3440 D)
1507 3371 1749 3442 ὄρχαμος
1783 3373 2011 3439 ἀνδρῶν
2051 3373 2244 3428 cnm

354 3441 525 3493 12>13
562 3441 660 3496 τὸν
699 3441 848 3502 εἰκὸς
884 3443 973 3496 A„
1087 3447 1151 3496 13
1190 3439 1423 3516 ῤ’ᾳδίωςι
1464 3443 1502 3496 V
1631 3447 1696 3496 15
1733 3451 1988 3510 κρεῖσσον
2110 3449 2175 3496 16
2212 3462 2370 3511 περι-

351 3509 548 3578 φράζει
588 3514 623 3566 Ε
798 3517 861 3564 19
903 3514 969 3567 οὐ
992 3545 1058 3554 --
1080 3519 1145 3567 21
1185 3516 1446 3583 πολεμεῖν
1483 3531 1590 3568 om.
1631 3516 1668 3568 D
1833 3517 1900 3566 20
1936 3511 2180 3570 θέλωσιν
2218 3511 2292 3568 ἂν
2330 3515 2367 3570 G

492 3587 557 3634 26
594 3582 631 3635 1.
672 3597 778 3635 om.
822 3585 910 3637 BD
940 3587 959 3652 ΙΙ
985 3583 1206 3654 Αὐγέας
1243 3586 1283 3639 Β
1429 3590 1494 3638 27
1533 3593 1848 3654 περιτυχεῖν
1885 3584 1922 3639 Ε
