2646 3882
352 191 479 256 158
1249 191 1474 246 Scholia.

343 352 663 440 Ἀδράστου
714 358 925 440 ῥηθεὶς
978 368 1082 420 τοῦ
1131 362 1366 421 Ταλαοῦ
1421 357 1633 431 παιδὸς
1690 358 1775 431 εἰς
1819 357 1922 419 τὸν
1978 357 2190 437 μάντιν
2229 351 2366 438 Ἀμ-

349 448 610 528 φιάραον
650 448 754 510 τὸν
808 447 1088 521 Οἰκλέους
1134 447 1291 527 υἱὸν,
1337 444 1407 509 ὃν
1453 448 1740 508 διαστᾶσα
1782 447 1882 508 καὶ
1925 443 1965 525 ἡ
2011 455 2088 529 γῆ
2135 445 2366 521 ἐδέξατο

346 535 469 615 ἅμα
512 542 591 621 τῷ
646 535 858 618 ἅρματι
910 536 976 598 έν
1016 531 1265 623 Ὠρωπῷ
1320 545 1426 616 τῆς
1480 536 1765 610 Βοιωτίας
1814 536 2188 598 κινδυνεύειν
2235 534 2366 615 μέλ-

346 629 545 686 λοντα·
609 626 742 708 περὶ
796 619 871 687 οὗ
938 625 1197 706 μάντεως
1247 621 1619 706 Ἀμφιαράου
1676 622 1708 686 ὅ
1768 634 1874 686 τοῦ
1931 629 2164 705 Ταλαοῦ
2228 631 2368 698 παῖς

330 710 653 796 Ἄδραστος
707 709 869 776 εἶπεν
924 713 1017 776 ὅτε
1072 715 1610 796 συνηθροίσθησαν
1666 714 1732 776 of
1778 723 1898 775 τῶν
1960 711 2104 775 ἑπτὰ
2161 719 2366 775 πυλῶν
2423 738 2448 780 5

345 801 544 886 νεκροὶ
588 801 654 864 ἐν
694 803 922 883 Θήβαις
966 803 1067 864 καὶ
1107 801 1376 885 ἐγένοντο
1412 801 1556 864 ἔπτὰ
1592 803 1904 884 πυρκαϊαί·
1951 800 2158 864 ποθέω
2196 820 2366 885 στρα-

343 901 469 965 τιᾶς
516 889 835 972 ὀφθαλμὸν
879 892 1044 972 ἐμᾶς,
1088 892 1189 954 καὶ
1233 891 1304 954 τὰ
1349 891 1501 972 ἑξῆς.
1566 910 1689 955 33οΕ

258 989 337 1042 8⁸¹
484 984 564 1041 18
588 983 642 1040 d.
738 975 1079 1064 ἕτοῖμοςε)
1124 991 1241 1044 νῦν
1286 979 1584 1064 ἁρμόδιος.

255 1077 337 1130 8⁸¹
480 1073 560 1131 21
585 1091 635 1132 a.
732 1064 939 1154 ἐπείε)
986 1064 1097 1149 ἀφ’
1138 1064 1230 1132 οὗ.

284 1177 316 1220 Α
480 1163 560 1220 21
582 1161 639 1219 b.
702 1159 855 1222 ἐπεὶ
907 1159 1079 1221 κατὰ
1134 1153 1305 1240 γαῖ’;
1368 1157 1771 1267 κεραυνωθεὶς
1832 1157 1944 1240 γὰρ
2003 1151 2367 1239 Ἀμφιάραος
2397 1183 2452 1223 ιο

342 1246 555 1310 κατέδυ
603 1249 743 1328 μετὰ
787 1257 893 1311 τοῦ
936 1249 1193 1330 ἅρματος
1227 1248 1295 1311 έν
1331 1253 1411 1333 τῷ
1449 1250 1694 1332 Ωρωπῷ
1731 1257 1837 1327 τῆς
1871 1248 2158 1320 Βοιωτίας
2193 1271 2368 1308 κατα-

341 1337 555 1410 ποθεὶς
609 1337 729 1399 ὑπὸ
784 1347 890 1416 τῆς
944 1347 1068 1419 γῆς.
1205 1359 1251 1399 e.
1300 1335 1517 1398 αὐτόν
1569 1335 1640 1397 τέ
1692 1358 1836 1398 νινε
1893 1335 1981 1397 ὅτι
2037 1335 2104 1396 ἐκ
2146 1340 2367 1418 παραλ-

348 1424 530 1504 λήλου
572 1425 798 1488 τέθεικε
838 1425 940 1498 τὰς
985 1425 1389 1505 ἀντωνυμίας,
1439 1424 1540 1486 καὶ
1583 1425 1738 1487 ἔστιν
1783 1422 1823 1504 ἡ
1871 1425 1978 1504 μία
2022 1424 2219 1486 αὐτῶν
2263 1445 2365 1486 πε-

345 1515 531 1594 ρισσή.
668 1517 722 1575 d.
768 1514 1074 1594 κατεπόθη
1119 1513 1183 1576 δὲ
1222 1510 1606 1596 Ἀμφιάραος,
1655 1514 1718 1575 οἷ
1757 1511 1866 1592 μὲν
1905 1513 2041 1595 περὶ
2070 1508 2366 1595 Ὠρωπὸν,

344 1603 407 1663 οἱ
458 1601 521 1664 δὲ
574 1603 708 1686 περὶ
759 1604 1063 1677 Κλεωνάς·
1118 1603 1258 1676 τοὺς
1311 1600 1376 1664 δὲ
1431 1604 1652 1676 ἵππους
1707 1601 1891 1664 αὐτοῦ
1946 1620 2131 1681 φησιν
2174 1596 2361 1662 Ἀντί-
2393 1626 2446 1667 15

347 1715 528 1772 μαχος
576 1685 675 1775 (fr.
716 1695 795 1753 31
819 1687 905 1776 Κ)
952 1687 1105 1754 εἶναι
1149 1689 1569 1770 Ῠᾶσυστάτους,
1616 1692 1680 1754 οἱ
1720 1689 1784 1752 δὲ
1835 1691 2191 1764 Θεσσαλούς·
2231 1687 2364 1752 ὀνό-

347 1803 499 1858 ματα
545 1778 609 1842 δὲ
654 1780 851 1843 αὐτῶν
902 1782 1058 1855 Θόας
1101 1779 1204 1843 καὶ
1236 1782 1415 1854 Δίας·
1453 1777 1496 1841 ὁ
1544 1778 1608 1842 δὲ
1652 1778 1892 1860 ’ἡνίοχος
1927 1779 2112 1841 αὐτοῦ
2157 1779 2364 1841 Βάτων

344 1867 598 1932 ἐκαλεῖτο
644 1867 685 1951 ἢ
729 1871 1066 1951 Σχοίνικος,
1111 1869 1582 1952 συγκαταποθεὶς
1619 1869 1796 1957 αὐτῷ.

253 1955 333 2009 ⁸⁸¹
481 1963 562 2021 22
587 1981 638 2022 a.
704 1958 964 2042 ὀνόματα
1006 1969 1125 2021 τῶν
1172 1960 1372 2022 ἵππων
1415 1960 1568 2032 Δίας
1611 1958 1712 2021 καὶ
1762 1958 1936 2032 Θόας.

254 2045 334 2098 ⁸⁸¹
477 2053 558 2109 22
579 2051 634 2110 b.
702 2043 1104 2134 (ἕμαρψενι)
1151 2047 1486 2124 ὑπεδέξατο.
2391 2070 2444 2111 20

283 2144 315 2187 Ᾱ
476 2142 559 2199 23
582 2160 637 2199 a.
700 2138 870 2201 ἑπτὰ
910 2132 966 2200 δ’
999 2137 1237 2199 ἔπειτα
1271 2148 1535 2221 πυρᾶνε
1571 2146 1690 2198 τῶν
1727 2134 2208 2217 διαβεβοημένων
2242 2135 2363 2199 ἐστὶ

340 2225 441 2287 καὶ
484 2237 676 2307 τοῦτο,
720 2238 848 2302 πῶς
891 2226 1035 2290 ἑπτά
1070 2244 1220 2307 φησι
1256 2226 1534 2309 γενέσθαι
1569 2225 1784 2307 πυρὰς,
1831 2222 2003 2307 [τῶν]
2045 2225 2191 2287 ἔπτὰ
2234 2226 2361 2288 ἐπι-

344 2318 817 2396 στρατευσάντων
877 2317 979 2378 καὶ
1043 2316 1118 2378 οὐ
1171 2317 1410 2378 πάντων
1474 2313 1749 2377 καέντων.
1835 2309 2200 2398 Ἀμφιάραος
2254 2313 2362 2396 μὲν

339 2406 641 2485 κατεπόθη
687 2406 801 2468 σὺν
846 2412 971 2479 τοῖς
1024 2406 1227 2478 ἵπποις
1270 2404 1337 2467 ἐν
1376 2400 1651 2489 Ὠρωπῷ·
1711 2404 2085 2483 Πολυνείκης
2142 2402 2205 2465 δὲ
2251 2404 2362 2466 οὐκ

340 2491 552 2574 ἐτάφη·
610 2493 836 2573 ἄταφος
889 2494 1001 2576 γὰρ
1054 2493 1306 2574 ἔμεινεν·
1347 2490 1672 2576 ’Ἀδραστος
1736 2490 1799 2553 δὲ
1855 2494 1970 2565 ζῶν
2024 2493 2111 2565 εἰς
2147 2490 2360 2573 ’Ἀργος
2387 2514 2440 2555 25

340 2581 626 2662 ἀπῆλθεν.
716 2584 1160 2645 καταλείπονται
1206 2578 1281 2662 δ’,
1337 2582 1594 2661 Τυδεὺς,
1640 2581 1990 2660 Καπανεὺς,
2039 2585 2357 2662 Παρθενο-

339 2678 533 2749 παῖος,
571 2668 952 2753 Ἱππομέδων.
1028 2669 1059 2732 ὅ
1106 2668 1215 2751 μὲν
1250 2662 1364 2733 οὖν
1397 2664 1766 2753 Ἀρίσταρχός
1803 2687 1992 2749 φησιν
2027 2670 2117 2731 ὅτι
2151 2669 2356 2741 ἰδιάζει

339 2759 439 2819 καὶ
482 2758 548 2820 ἐν
592 2761 821 2833 τούτοις
867 2758 899 2822 ὅ
938 2760 1241 2842 Πίνδαρος
1285 2758 1368 2833 ὡς
1410 2759 1510 2820 καὶ
1555 2757 1620 2821 ἐν
1665 2757 1881 2832 ἄλλοις.
1927 2756 1958 2821 ὅ
2007 2755 2070 2819 δὲ
2102 2753 2355 2839 Ἀριστό-

484 2954 549 3001 18
585 2947 716 3003 Hes,
754 2946 1057 3020 Σχοίνικος

481 3152 509 3199 1
547 3152 648 3200 τοῦ
680 3146 767 3218 Τ.]
794 3154 896 3200 τοῦ
922 3154 1023 3200 τοῦ
1056 3148 1117 3199 Τ.
1150 3144 1240 3201 ΕΟ
1288 3152 1390 3199 τοῦ
1415 3152 1517 3199 τοῦ
1545 3146 1684 3198 λαοῦ
1715 3145 1754 3198 Ι)
1864 3147 1896 3196 2
1939 3139 2208 3205 Οἰκλέους
2235 3140 2356 3197 Gss:

339 3215 571 3281 Οἱκλέος
608 3219 647 3272 Β
699 3214 969 3280 Ἰοκλέους
1006 3219 1095 3273 ΠΕ
1167 3216 1264 3270 καὶ
1294 3233 1400 3270 om.
1433 3215 1768 3272 081³ssth
1879 3218 1928 3268 3.
1950 3218 1985 3267 4
2021 3211 2290 3283 μέλλουσα
2320 3215 2356 3268 Ε

442 3294 476 3341 4
514 3287 543 3341 ὁ
580 3296 681 3342 τοῦ
716 3291 854 3342 λαοῦ
893 3291 931 3343 Ι)
1044 3292 1075 3341 5
1146 3307 1200 3342 τι
1238 3287 1355 3343 0¹ss
1399 3288 1420 3357 ΙΙ
1464 3286 1520 3342 οἱ
1557 3285 1736 3359 (ἐπὶ)
1771 3293 1884 3341 τῶν
1919 3283 2110 3355 Bergk
2152 3286 2172 3353 ΙΙ
2217 3283 2359 3341 ἑπτὰ

334 3362 524 3414 πυλῶν
563 3359 672 3416 cb:
711 3359 1039 3415 ἑπταπύλων
1079 3357 1276 3415 ΒῦΕῠ
1332 3357 1473 3415 ἑπτὰ
1509 3366 1703 3426 πυρῶν
1739 3356 1809 3426 ej.
1851 3358 1884 3413 h
1987 3362 2018 3411 7
2059 3355 2358 3425 ὀφθαλμὸς

339 3432 375 3485 Ε
503 3435 568 3483 10
606 3430 749 3485 κατὰ
785 3427 930 3502 γαῖ’]
966 3428 1113 3485 κατά
1148 3449 1209 3499 γε
1246 3431 1289 3486 Α
1421 3434 1488 3484 15
1529 3428 1813 3501 Κλεωνάς]
1851 3424 2127 3483 Κνωπίαν
2165 3427 2359 3498 Unger

335 3501 506 3557 Theb.
545 3516 663 3571 par.
694 3506 797 3555 413
885 3506 948 3555 16
974 3497 1330 3570 Ἀμυκλαίους
1359 3500 1502 3555 Stoll
1531 3497 1854 3571 Ἀσβωτίους
1879 3498 2070 3570 Unger
2097 3498 2134 3553 l.
2164 3498 2202 3553 1.
2224 3503 2356 3567 4753

336 3573 432 3627 cfr.
471 3573 547 3628 id.
586 3572 722 3627 ibid.
762 3578 881 3627 413.
938 3573 1023 3627 Ft.
1052 3569 1398 3643 Ἀσβυστίους
1541 3577 1608 3625 22
1645 3580 1758 3627 τῶν
1797 3590 1838 3627 s,
1871 3589 1913 3625 Β.
1941 3574 2014 3640 Α;
2053 3570 2235 3626 delevi
