2646 3882
973 216 1192 286 olymp.
1222 217 1301 271 VI
1338 222 1638 272 148—154
2190 218 2317 283 189

289 382 599 457 πεποιθὼς
663 381 727 445 δὲ
791 382 824 445 6
889 384 1194 464 Πίνδαρος
1268 390 1391 457 τοῖς
1452 383 1667 447 ἑαυτοῦ
1748 384 2037 464 ποιήμασι
2096 386 2317 447 κελεύει

291 473 616 555 ἐπιγνῶναι
658 474 764 534 τὸν
800 470 1030 534 Αἰνέαν
1074 473 1175 534 καὶ
1214 483 1443 555 γνῶναι
1477 472 1587 552 τὴν
1622 472 1853 554 τέχνην,
1898 474 1954 534 εἰ
1987 475 2316 555 φεύγουσιν

293 564 358 624 οἱ
415 564 672 643 Θηβαῖοι
731 560 797 623 τὸ
861 561 1115 623 παλαιὸν
1181 560 1411 635 ὄνειδος
1474 563 1711 646 παιδείᾳ
1776 560 2157 643 διαφέροντες
2217 562 2318 624 καὶ
2420 594 2427 599 ·

291 661 568 736 μουσικῇ.
657 651 782 712 τότε
834 651 948 732 γὰρ
1007 648 1089 724 ὣς
1142 649 1399 731 ἀμαθεῖς
1462 650 1843 713 ἐσκώπτοντο.
1977 652 2033 711 b.
2071 648 2317 724 Ὕαντες

238 762 263 805 ε
293 739 357 802 δὲ
413 736 655 826 ᾤκησαν
707 739 820 818 τὴν
869 740 1083 820 Θήβην
1099 785 1116 816 ,
1171 738 1271 801 καὶ
1325 738 1441 801 ἀπὸ
1495 751 1601 802 τοῦ
1649 737 1938 820 ὀνόματος
1992 741 2315 821 μετετράπη

291 830 355 892 τὸ
401 828 503 891 καὶ
548 829 970 908 Συοβοιωτοὺς
1016 827 1236 901 αὐτοὺς
1280 827 1571 910 λέγεσθαι.

432 922 558 979 153
581 938 629 979 0.
695 910 812 979 ὗνε
839 914 1084 990 ”Ἰαντες
1130 916 1312 991 ἔθνος
1348 918 1656 997 Βοιωτίας,
1701 918 1978 991 οὕστινας
2024 916 2089 978 ἐκ
2128 940 2318 1025 παρα-

293 1014 537 1088 φθορᾶς
581 1016 688 1068 τοῦ
734 1004 1022 1085 ὀνόματος
1067 1004 1198 1067 ἀντὶ
1241 1015 1351 1068 τοῦ
1388 1003 1642 1079 Ἵαντας
1686 1004 1873 1086 λέγειν
1916 1005 2168 1069 ἐκάλουν
2191 994 2317 1079 13·-

297 1096 442 1157 ὥστε
497 1102 622 1168 τοῖς
676 1096 921 1176 ὕστερον
978 1095 1344 1173 διαδοθῆναι
1384 1094 1494 1173 τὴν
1540 1093 1697 1169 λέξιν
1740 1093 1838 1156 ἐπὶ
1880 1105 1999 1157 τῶν
2044 1099 2319 1157 Βοιωτῶν

217 1206 271 1247 10
298 1184 397 1246 και
441 1184 653 1246 λοιπὸν
707 1190 1072 1264 νομισθῆναι
1126 1182 1226 1244 διὰ
1279 1183 1504 1262 πολλὴν
1560 1182 1869 1265 ἀγροικίαν
1922 1183 2024 1245 καὶ
2075 1182 2320 1265 ἀλογίαν

299 1274 488 1347 οὕτως
533 1273 591 1348 ἐξ
647 1270 895 1353 ἀρχαίου
951 1271 1170 1346 αὐτοὺς
1221 1277 1577 1352 κεκλῆσθαι,
1626 1274 1768 1346 τούς
1811 1294 1871 1334 τε
1914 1271 2320 1354 βουλομένους

295 1362 461 1436 τινὰς
507 1371 746 1435 σκῶψαι
790 1360 1041 1423 ἐκάλουν
1085 1362 1379 1422 Βοιωτίαν
1425 1355 1519 1423 ὗν.

434 1455 558 1512 153
582 1454 636 1511 d.
699 1449 851 1512 ἐσσὶ
903 1449 1033 1532 γὰρ
1087 1448 1408 1532 άγγελοςτ
1461 1450 1766 1531 τυγχάνεις
1819 1449 1964 1531 γὰρ,
2018 1443 2067 1511 ὦ
2114 1450 2320 1529 Αἰνέα,

293 1538 538 1622 ἅγγελος
591 1539 827 1620 ἀληθὴς
881 1538 985 1600 καὶ
1035 1549 1154 1599 τῶν
1207 1539 1579 1619 καλλικόμων
1634 1543 1909 1601 Μουσῶν
1961 1540 2148 1621 κῆρυξ
2202 1549 2321 1601 τῶν

215 1650 269 1693 15
295 1652 354 1690 τε
401 1628 704 1707 ἐπισήμων
748 1627 848 1689 καὶ
893 1626 1046 1709 ἄγαν
1091 1628 1381 1708 εὐφήμων
1424 1629 1634 1708 ὕμνων
1678 1627 1899 1710 κρατὴρ
1944 1629 2318 1707 γλυκύτατος.

435 1721 560 1778 154
583 1738 634 1778 a.
701 1715 1062 1797 ἠυκόμωνε
1105 1715 1208 1778 καὶ
1251 1727 1368 1779 νῦν
1403 1727 1577 1779 τοῦτο
1621 1718 1921 1798 σημαίνει·
1970 1712 2101 1779 οἷον
2140 1721 2319 1780 Μου-

298 1816 419 1868 σῶν
465 1800 524 1868 εἴ
563 1808 770 1887 κῆρυξ,
817 1805 916 1866 διὰ
959 1804 1025 1867 τὸ
1063 1811 1527 1885 σκυταλοφορεῖν
1564 1807 1705 1879 τοὺς
1740 1806 2022 1888 κήρυκας.
2086 1805 2219 1887 περὶ
2256 1803 2320 1868 δὲ

297 1904 402 1974 τῆς
459 1896 750 1969 σκυτάλης
807 1895 908 1956 καὶ
951 1894 1017 1956 ἐν
1071 1899 1197 1968 τοῖς
1246 1888 1579 1977 Ἀρχιλόχου
1625 1894 2049 1976 ὑπομνήμασιν
2095 1896 2320 1977 εἴρηται

301 1978 402 2068 (fr.
441 1979 580 2068 86)·
643 1983 943 2064 ἀχνυμένη
1003 1985 1278 2063 σκυτάλη.
1441 1987 1496 2045 b.
1545 2033 1559 2046 .
1590 2030 1605 2045 .
1636 2034 1647 2045 .
1679 2033 1691 2044 .
1730 1985 1889 2067 παρὰ
1948 1991 2071 2059 τοῖς
2124 1992 2321 2046 Λακε-

223 2094 278 2135 20
306 2075 654 2152 δαιμονίοις.
743 2071 898 2145 τινὲς
945 2071 1009 2134 δὲ
1057 2074 1167 2135 δύο
1214 2073 1511 2154 ἰσοπήχεις
1547 2072 1647 2134 καὶ
1684 2074 2003 2153 ἰσομήκεις·
2050 2073 2149 2134 καὶ
2185 2075 2322 2135 τού-

302 2186 420 2223 των
463 2161 572 2240 τὴν
620 2162 760 2241 μίαν
808 2161 1039 2223 διδόασι
1083 2167 1163 2246 τῷ
1209 2160 1493 2246 ἁρμοστῇ,
1528 2159 1684 2243 <ὃν>
1727 2159 1805 2223 ἂν
1843 2160 2179 2241 ἐκπέμπωσι
2212 2183 2321 2224 πο-

300 2248 528 2328 λιτικην
587 2251 783 2330 χρείαν
840 2249 1044 2330 ἔχοντα
1059 2295 1078 2329 ‚
1130 2249 1240 2329 τὴν
1294 2248 1360 2311 δὲ
1412 2249 1597 2329 άλλην
1640 2250 1969 2330 κατέχουσι·
2023 2248 2124 2311 καὶ
2181 2273 2323 2312 οταν

303 2337 407 2424 δέῃ
453 2337 799 2400 ἐπιστέλλειν
846 2337 1136 2420 ἀναγκαῖά
1180 2362 1343 2418 τινα,
1389 2337 1537 2420 ὑπὲρ
1582 2349 1689 2401 τοῦ
1735 2337 2007 2420 ἄγνωστα
2054 2333 2207 2400 εἶναι
2252 2362 2323 2400 τα

302 2426 743 2508 ἐπιστελλόμενα
788 2434 910 2500 τοῖς
957 2429 1398 2508 διακομίζουσιν
1434 2427 1728 2490 ἓλίσσουσι
1762 2423 1903 2509 παρ’
1946 2427 2177 2501 ἑαυτοῖς
2211 2427 2323 2506 τὴν

221 2539 274 2579 25
302 2518 598 2594 σκυτάλην
655 2513 893 2597 δέρματι
945 2521 1133 2601 λευκῷ
1187 2517 1288 2579 καὶ
1342 2518 1664 2598 γράφουσι·
1721 2517 1915 2578 ἔπειτα
1970 2515 2179 2579 λύουσι
2222 2517 2322 2579 καὶ

301 2606 552 2680 διδόασι,
610 2605 692 2685 μὴ
747 2578 1113 2684 φυλάττοντα
1167 2606 1276 2684 τὴν
1333 2604 1489 2680 λέξιν
1544 2616 1661 2668 τῶν
1715 2604 2129 2687 γεγραμμένων
2174 2600 2317 2686 παρ’

442 2800 656 2864 20—1).
682 2800 800 2862 190,
822 2800 852 2846 3
902 2794 1148 2848 sch.·A1.
1189 2809 1272 2848 av.
1314 2799 1468 2848 1283.
1525 2794 1685 2850 Phot.
1726 2797 1784 2848 et
1820 2793 1972 2849 Suid.
2014 2813 2055 2850 ε.
2093 2813 2142 2850 v.
2192 2812 2322 2850 σκυ-

296 2867 433 2935 τάλη
472 2869 561 2936 (=
597 2865 706 2920 lex.
754 2865 983 2919 Bachm.
1015 2871 1137 2931 361,
1170 2872 1216 2920 1.
1263 2866 1379 2920 soh.
1411 2865 1582 2920 Thuc.
1616 2873 1664 2934 1,
1697 2868 1836 2935 131).
1884 2866 2031 2921 Plut.
2068 2867 2196 2936 Lys.
2239 2872 2321 2934 19,

216 2951 230 2966 ·
300 2945 455 2993 5—7.
513 2936 652 2991 Gell.
690 2936 760 2990 N.
790 2937 856 2989 A.
890 2942 973 3004 17,
994 2942 1044 3004 9,
1074 2940 1247 2990 6—-17

445 3105 476 3153 3
513 3103 744 3172 παιδιᾷε
787 3099 818 3152 Β
965 3103 999 3150 4
1035 3094 1159 3151 τότε
1197 3095 1301 3165 γὰρ
1342 3112 1472 3164 ego:
1510 3096 1574 3151 τὸ
1610 3094 1874 3164 τέτταρον
1903 3098 1945 3152 Α
1994 3097 2057 3152 τὸ
2096 3098 2157 3152 δὲ
2186 3094 2324 3164 πρό-

299 3190 460 3236 τερον
501 3173 532 3223 Β
661 3176 692 3224 5
732 3167 1020 3241 <τούτου>
1058 3175 1156 3221 τοῦ
1196 3166 1276 3222 ὅν.
1317 3167 1385 3236 cj.
1428 3169 1458 3222 Β
1579 3172 1610 3220 6
1648 3167 1711 3222 τὸ
1748 3168 1869 3238 καὶ]
1907 3169 2005 3221 καὶ
2039 3167 2103 3222 τὸ
2143 3167 2211 3236 ej.
2245 3170 2276 3222 Β
2305 3167 2324 3238 ΙΙ

301 3239 598 3328 συοβόταςι
629 3243 660 3295 Β
773 3245 821 3293 ’1.
845 3244 878 3293 8
914 3237 1279 3306 παραφόρουι
1311 3241 1349 3292 V
1378 3240 1452 3308 (p
1480 3243 1598 3306 181,
1618 3240 1671 3306 9)
1700 3241 1717 3308 ΙΙ
1744 3236 1912 3307 λέγεις
1945 3242 1981 3292 V
2092 3245 2157 3293 11
2193 3240 2325 3326 post

301 3309 540 3404 ἀρχαίου
576 3329 683 3365 rae.
724 3317 756 3365 5
792 3310 1134 3366 litt.1·2
1175 3309 1411 3365 ἐκάλουν
1449 3311 1771 3378 corruptum
1931 3315 1997 3364 13
2030 3327 2326 3380 τυγχάνεις

303 3384 410 3452 γ’ἀρ
439 3377 480 3435 ὦ
511 3398 639 3465 ego}
677 3381 943 3464 τυγχάνει
972 3380 1078 3452 γὰρ
1107 3380 1182 3444 ὡς
1291 3388 1359 3435 14
1395 3379 1800 3449 καλλιοκόμωνε
1830 3397 1935 3469 ego
2049 3386 2112 3433 16
2142 3379 2320 3432 καὶ-

304 3451 678 3578 ‘'⁷²‘'“1232‘135‘
692 3454 940 3614 &3533
1043 3457 1116 3576 ’.ξ
1137 3460 1532 3593 ‘mzfffze
1569 3466 1683 3576 εξ..)
1713 3457 1855 3574 A?
1880 3447 2322 3574 1181921..

448 3600 517 3648 26
553 3593 617 3648 fb.
657 3594 728 3664 μὴ
769 3593 1160 3664 φυλαττόντων
1196 3594 1298 3664 τὴν
1334 3594 1495 3659 τάξιν
