2646 3882
371 200 498 265 196
965 234 978 246 ·
1261 201 1487 256 Scholia

366 372 447 452 τῷ
491 362 564 449 β.
691 367 758 429 τὸ
801 362 860 447 η’
905 366 1413 450 ἔγκωμιολογικόν.
1547 368 1612 430 τὸ
1649 364 1716 429 θ’
1762 368 2113 431 δακτυλικὸν
2158 376 2391 449 πενθη-

368 454 618 538 μιμερές.
762 454 824 517 τὸ
871 450 912 517 ι’
977 456 1218 518 ἰωνικὸν
1283 456 1556 539 δίμετρον
1620 455 2037 537 ἀκατάληκτον.
2132 518 2137 523 ,
2198 458 2261 521 τὸ
2308 454 2389 520 ια’

369 544 720 607 δακτυλικὸν
764 546 1069 626 τρίμετρον
1114 546 1552 626 καταληκτικόν.

501 630 539 713 ἡ
579 631 642 695 δὲ
679 633 906 719 ἐπῳδὸς
933 634 1138 695 κώλων
1167 630 1257 717 ιγ’.
1365 634 1432 697 τὸ
1460 630 1515 695 α’
1554 634 1906 698 δακτυλικὸν
1932 634 2387 718 πενθημιμερὲς.

454 721 518 784 τὸ
557 719 615 803 β’
670 721 912 784 ἰωνικὸν
966 724 1268 805 τρίμετρον
1313 723 1739 803 καταληκτικὸν
1784 723 1900 785 ἀπὸ
1945 733 2255 807 τροχαῖκῆς
2302 726 2387 798 εἰς
2441 749 2478 792 5
2526 763 2591 859 Ιμ
2585 721 2603 774 7

367 811 700 893 τροχαϊκήν.
825 810 889 872 τὸ
927 806 982 893 γ’
1026 812 1337 893 τροχαϊκὸν
1376 813 1649 895 δίμετρον
1686 810 2104 893 ἀκατάληκτον.
2230 812 2294 874 τὸ
2336 809 2391 873 δ’

368 900 718 962 δακτυλικὸν
764 901 1069 1011 τρίμετρον
1114 900 1535 981 καταληκτικὸν
1580 900 1621 982 ἢ
1666 902 2067 985 προσοδιακὸν
2116 902 2388 984 δίμετρον
2529 939 2535 990 1

367 987 784 1067 ἀκατάληκτον.
939 988 1002 1051 τὸ
1062 986 1109 1050 ε’
1170 988 1597 1053 ἀναπαιστικὸν
1661 990 2039 1072 μονόμετρον.
2116 1018 2128 1031 ·
2200 990 2267 1052 τὸ
2332 986 2389 1061 ς’
2567 986 2603 1023 '²‘

365 1078 672 1159 περίοδος,
727 1079 974 1151 διπλοῦς
1018 1085 1299 1159 τροχαῖος.
1445 1078 1509 1141 τὸ
1558 1073 1610 1152 ζ’
1661 1080 2059 1161 προσοδιακὸν
2116 1079 2389 1160 δίμετρον
2529 1071 2534 1080 ’

367 1166 784 1245 ἀκατάληκτον.
918 1166 982 1229 τὸ
1028 1163 1087 1246 η’
1139 1167 1451 1249 τροχαϊκὸν
1506 1168 1777 1249 δίμετρον
1833 1167 2252 1247 ἀκατάληκτον.
2420 1194 2476 1235 1⁰

365 1254 429 1317 τὸ
476 1253 543 1317 θ’
615 1255 966 1318 δακτυλικὸν
1032 1254 1484 1338 πενθημιμερὲς.
1645 1256 1708 1319 τὸ
1759 1253 1799 1317 ι’
1871 1256 2210 1366 ιάμβέλεγος
2281 1266 2389 1319 τοῦ

365 1345 600 1426 πρώτου
648 1346 866 1426 ἰάμβου
913 1344 1248 1425 λελυμένου.
1397 1345 1461 1408 τὸ
1509 1341 1588 1407 ια’
1634 1345 1875 1408 ἰωνικὸν
1921 1340 2025 1407 ἀπ’
2075 1346 2390 1419 ἐλάσσονος

368 1433 638 1514 δίμετρον
673 1433 1115 1512 καταληκτικόν.
1240 1433 1303 1495 τὸ
1343 1430 1422 1515 ιβ’
1467 1434 1864 1515 προσοδιακὸν
1902 1436 2174 1517 δίμετρον
2210 1458 2389 1496 κατα-

366 1522 656 1600 ληκτικόν.
791 1522 858 1584 τὸ
895 1516 969 1602 ιγ’
1016 1520 1452 1603 Στησιχόρειον.
1516 1556 1561 1593 p.
1582 1542 1896 1605 195,13-150

307 1628 340 1673 Α
497 1612 678 1672 Insor
726 1631 778 1671 a.
845 1610 1108 1696 Διαγόρα
1153 1610 1463 1689 νικήσαντι
1507 1612 1617 1692 τὴν
1665 1608 1763 1675 off
1803 1608 2182 1694 Ὀλυμπιάδα.
2248 1622 2387 1674 τοῦ·
2418 1639 2473 1680 15
2531 1590 2603 1658 1δί

365 1723 468 1761 τον
515 1697 578 1761 δὲ
623 1699 726 1761 τὸν
771 1700 1072 1782 Διαγόραν
1119 1700 1181 1761 οἰ
1221 1696 1432 1763 Ῥόδιοι
1468 1695 1691 1784 Ἑρμοῦ
1746 1704 1931 1763 παῖδά
1986 1718 2185 1781 φασιν.
2276 1723 2389 1762 πο-
2542 1692 2603 1737 ²⁵⁶⁴·

369 1786 658 1874 ρευομένη
713 1788 824 1870 γὰρ
880 1798 950 1873 τῇ
997 1787 1172 1870 μητρὶ
1217 1788 1404 1851 αὐτοῦ
1460 1792 1544 1864 εἰς
1588 1789 1772 1873 ἀγρὸν
1817 1789 1917 1852 καὶ
1962 1786 2388 1875 ἀναπαυομένη

367 1876 516 1960 πρὸς
537 1850 797 1965 Ἑρμαίω
832 1877 948 1939 τινὶ
987 1887 1234 1960 μνγῆναι
1268 1878 1371 1941 τὸν
1408 1879 1579 1960 θεὸν,
1624 1878 1724 1941 καὶ
1759 1879 1824 1941 ἐκ
1859 1880 2074 1941 τούτου
2109 1875 2389 1987 γενέσθαι
2577 1880 2603 1918 ¹⁸

365 1967 470 2030 τὸν
497 1967 813 2048 Διαγόραν.
948 1969 1004 2028 b.
1048 1967 1185 2049 περὶ
1228 1978 1337 2030 του
1366 1969 1664 2051 Διαγόρου
1702 1963 1827 2030 εἶπε
1864 1966 1971 2047 μὲν
2008 1966 2109 2029 καὶ
2130 1961 2387 2048 Ἀριστο-
2579 1970 2603 2005 α’

363 2055 590 2137 τέλης.
667 2104 681 2117 .
712 2103 724 2115 .
771 2054 872 2117 καὶ
909 2051 1194 2130 Ἀπόλλας
1249 2069 1649 2139 μαρτυροῦσιν
1706 2059 1795 2119 ὅτι
1848 2052 1901 2116 δ’
1946 2065 2150 2136 πηχῶν
2195 2054 2295 2117 καὶ
2340 2052 2387 2116 ε’
2416 2083 2474 2123 2ο
2580 2059 2597 2092 ²

366 2138 744 2208 δακτύλων
706 2169 802 2225 ην.
868 2143 993 2226 ἔσχε
1030 2143 1094 2207 δὲ
1131 2144 1232 2207 καὶ
1261 2147 1619 2228 Δαμάγητον
1656 2146 1791 2208 υἱὸν
1828 2147 2232 2256 πρεσβύτατον
2266 2153 2388 2206 τῶν
2582 2147 2600 2182 ¹

362 2234 594 2296 παίδων
657 2235 1020 2315 τετράπηχυν
1083 2233 1147 2296 τὸ
1213 2234 1465 2316 μέγεθος
1481 2280 1499 2314 ,
1563 2245 1668 2298 τοῦ
1732 2233 1949 2315 πατρὸς
2012 2233 2289 2296 ἐλάττονα
2342 2229 2469 2294 ε’·
2582 2237 2603 2272 ²¹

2583 2326 2602 2361 τ

2581 2417 2603 2450 ν

2582 2505 2603 2542 π

2573 1522 2603 1559 m

2546 2135 2567 2176 111
2600 2157 2603 2168 .

365 2324 688 2385 δακτύλων.
775 2321 900 2404 ἔσχε
947 2321 1010 2384 δὲ
1055 2322 1156 2384 καὶ
1199 2321 1380 2385 άλλον
1435 2323 1694 2401 ἀδελφὸν
1734 2319 2151 2403 Ἀκουσίλαον,
2196 2329 2387 2405 θυγα-

506 2589 538 2636 2
575 2581 961 2651 ἀκατάληπτον
997 2599 1104 2637 om.
1145 2585 1183 2637 D
1304 2588 1337 2636 3
1373 2579 1662 2652 τρίμετρον
1700 2584 1763 2638 V:
1802 2579 2062 2674 δίμετρον
2100 2585 2142 2640 Α
2168 2586 2188 2652 11
2214 2601 2387 2637 κατα-

363 2652 621 2724 ληκτικόν
663 2656 795 2710 ΕΡυ
857 2653 1264 2744 καταληπτικὸν
1307 2657 1599 2724 πενθημιμ
1601 2673 1626 2709 ε
1629 2651 1721 2723 ρές
1756 2655 1824 2710 A.
1872 2653 2254 2724 ἀκατάληκτον
2294 2653 2387 2710 Dss

506 2731 540 2778 4
577 2725 674 2780 καὶ
709 2724 744 2794 ἡ
784 2724 970 2797 ἐπῳδὴ
1007 2747 1056 2780 κ.
1097 2723 1168 2794 ιγ’
1211 2727 1248 2780 D
1285 2725 1304 2794 11
1342 2725 1532 2779 κώλων
1571 2725 1637 2780 A:
1677 2745 1727 2780 κ.
1768 2725 1882 2780 ἐστὶ
1922 2726 2010 2783 ΕΩ
2161 2730 2193 2779 5
2233 2724 2385 2777 ἰωνι-

364 2795 468 2850 κὸν
489 2797 580 2852 AD
597 2799 655 2852 Ε.
684 2779 1066 2864 προσοδιακὸν
1097 2797 1138 2852 ss
1161 2796 1182 2866 11
1209 2793 1470 2886 δίμετρον
1492 2799 1527 2852 Ε
1552 2797 1573 2866 11
1600 2801 1877 2851 καταλκ-
1893 2803 1925 2851 6
1952 2794 2256 2868 τροχαϊκήν
2276 2810 2383 2847 0111.

367 2867 408 2924 ss
441 2870 461 2936 11
497 2867 900 2937 καταληκτικὸν
937 2868 1052 2923 AE:
1093 2867 1481 2936 ἀκαταληκτον
1520 2870 1558 2922 D
1604 2870 1623 2936 11
1668 2867 1782 2922 ἀπὸ
1818 2876 2116 2938 τροχαϊκῆς
2151 2883 2258 2921 0111.
2289 2864 2331 2919 A
2366 2863 2388 2936 11

365 2938 718 3064 ἀπὸ-τροχ
721 2937 889 3007 αϊκήν
924 2939 1018 2992 hic
1057 2956 1163 2993 om.
1206 2941 1243 2994 D
1290 2941 1310 3008 11
1346 2937 1647 3009 τροχαϊκήν
1688 2942 1747 2995 Ε.
1783 2937 2082 3010 τροχαϊκόν
2120 2938 2212 2993 AD
2252 2934 2384 3005 (vid.
2528 2902 2536 3007 1
2588 2923 2603 2954 ⁰

363 3010 386 3064 i
385 3009 532 3080 nfra)
676 3015 708 3064 6
745 3013 876 3080 post
911 3007 1296 3080 ἀκατάληκτον
1334 3009 1462 3064 add.
1502 3010 1615 3066 ἀπὸ
1652 3029 1717 3079 τρ
1686 3018 1953 3082 ροχαικου
1981 3009 2061 3070 εἰς
2085 3006 2386 3078 τροχαικὸν
2530 3014 2535 3035 ¹
2586 2994 2603 3099 Ξ

365 3080 777 3136 ἀναπαιστικὸν
814 3081 996 3152 μονόμ
997 3101 1086 3150 ετρ
1089 3101 1155 3136 ον
1195 3083 1232 3136 D
1346 3087 1375 3135 ‘1
1413 3078 1703 3151 τρίμετρον
1740 3085 1804 3137 V:
1843 3078 1999 3150 δίμετ
2038 3099 2103 3136 ον
2132 3081 2175 3134 Α
2202 3081 2221 3148 11
2248 3079 2389 3133 ἀκα-
2589 3137 2603 3168 τ

363 3151 638 3222 τάληκτον
676 3152 717 3209 ss
753 3153 773 3222 11
810 3102 1216 3242 προσοδιακὸν]
1255 3153 1649 3222 ἀνακλώμενον
1686 3171 1779 3221 πρ.
1820 3155 1857 3208 Ι)
1904 3154 1923 3222 11
1968 3153 2005 3205 δ
2030 3170 2228 3222 μετρον
2268 3150 2386 3207 Dsst

363 3220 653 3294 τρίμετρον
690 3224 788 3278 ΑΕ
931 3229 962 3278 9
1000 3220 1266 3293 περίοδος
1301 3225 1369 3278 A:
1416 3224 1743 3314 περιοδικὸν
1780 3225 1820 3279 V
1974 3227 2040 3278 10
2084 3242 2233 3315 τροχ.
2273 3218 2387 3310 δὶμ.
2594 3275 2603 3310 (

365 3292 772 3364 καταληκτικόν
799 3296 842 3349 Α
890 3304 1154 3368 τροχαῖος
1181 3292 1438 3365 δίμετρος
1466 3293 1845 3366 ἀκατάληκτος
1874 3296 1961 3350 ΠΕ
2016 3301 2277 3367 τροχαῖος
2302 3289 2389 3347 δι’·
2594 3345 2603 3381 ε

365 3383 565 3453 μετρον
603 3365 790 3420 ἀκατ.-
765 3385 858 3422 -ον
889 3367 930 3424 ss
1058 3372 1122 3421 11
1163 3365 1298 3438 ἴαμβ
1263 3369 1362 3438 βος
1399 3366 1549 3422 ἔλεο
1553 3388 1582 3430 ς
1608 3369 1651 3422 Α
1707 3363 1892 3437 ἰαμέλε
1929 3385 1991 3428 ος
2012 3369 2056 3492 Ε
2167 3371 2232 3419 13
2260 3363 2388 3434 (col.

364 3434 484 3560 {gg
494 3435 881 3526 άκατάληκτον
912 3437 1000 3493 ΕΟ
1109 3441 1176 3492 15
1196 3454 1315 3507 sqq.
1357 3437 1455 3492 cfr.
1484 3386 1647 3497 fane.
1668 3437 1746 3492 VI
1774 3442 1833 3505 ’ἲς
2174 3442 2243 3492 20
2280 3435 2387 3492 lac.
2596 3453 2603 3488 1

466 3506 612 3560 mavi
621 3507 668 3576 ’11
713 3507 754 3562 ε’
795 3524 924 3577 ego:
962 3501 1185 3578 γ’ἦσαν
1364 3515 1432 3563 21
1473 3511 1861 3591 &ammona-v)
1906 3444 1974 3580 116
1970 3481 2057 3580 ἦν.
2097 3509 2219 3582 ἔσχε
2256 3525 2387 3580 ego:
2598 3509 2603 3562 1

365 3575 574 3650 ἠνέωχε
591 3581 619 3648 11
646 3578 870 3650 δαμάχη
905 3579 1030 3634 τὸνε
1069 3580 1109 3634 V
1253 3585 1320 3634 23
1358 3579 1487 3636 υἱὸν
1525 3579 1688 3636 scrib.
1728 3598 1828 3651 pro
1867 3582 2155 3652 ἀδελφὸνῗ
2528 3606 2535 3697 1
