<?xml version="1.0" encoding="UTF-8"?>
<!DOCTYPE html PUBLIC "-//W3C//DTD XHTML 1.0 Transitional//EN"
    "http://www.w3.org/TR/xhtml1/DTD/xhtml1-transitional.dtd">
<html xmlns="http://www.w3.org/1999/xhtml" xml:lang="en" lang="en">
 <head>
  <title>
</title>
<meta http-equiv="Content-Type" content="text/html;charset=utf-8" />
  <meta name='ocr-system' content='tesseract 3.04.00' />
  <meta name='ocr-capabilities' content='ocr_page ocr_carea ocr_par ocr_line ocrx_word'/>
</head>
<body>
  <div class='ocr_page' id='page_1' title='image "./scholiaveterain00dracgoog_0167.png"; bbox 0 0 2646 3882; ppageno 0'>
   <div class='ocr_carea' id='block_1_1' title="bbox 945 221 2300 322">
    <p class='ocr_par' dir='ltr' id='par_1_1' title="bbox 945 221 2300 322">
     <span class='ocr_line' id='line_1_1' title="bbox 945 221 2300 322; baseline 0.01 -18"><span class='ocrx_word' id='word_1_1' title='bbox 945 221 954 226; x_wconf 61' lang='grc'><strong><em>’</em></strong></span> <span class='ocrx_word' id='word_1_2' title='bbox 1000 249 1217 320; x_wconf 75' lang='lat' dir='ltr'><strong>olymp.</strong></span> <span class='ocrx_word' id='word_1_3' title='bbox 1247 250 1326 305; x_wconf 81' lang='lat' dir='ltr'><strong><em>IV</em></strong></span> <span class='ocrx_word' id='word_1_4' title='bbox 1363 252 1606 322; x_wconf 42' lang='lat' dir='ltr'><strong>31—39ss</strong></span> <span class='ocrx_word' id='word_1_5' title='bbox 2177 251 2300 316; x_wconf 82' lang='lat'><strong><em>137</em></strong></span> 
     </span>
    </p>
   </div>
   <div class='ocr_carea' id='block_1_2' title="bbox 194 411 2493 2813">
    <p class='ocr_par' dir='ltr' id='par_1_2' title="bbox 194 411 2493 2813">
     <span class='ocr_line' id='line_1_2' title="bbox 277 411 2302 500; baseline 0.001 -22"><span class='ocrx_word' id='word_1_6' title='bbox 277 415 561 491; x_wconf 80' lang='grc' dir='ltr'><strong><em>ἀπιόντας</em></strong></span> <span class='ocrx_word' id='word_1_7' title='bbox 618 416 716 480; x_wconf 82' lang='grc' dir='ltr'><strong><em>ε’πὶ</em></strong></span> <span class='ocrx_word' id='word_1_8' title='bbox 773 417 837 478; x_wconf 88' lang='grc' dir='ltr'><strong><em>τὸ</em></strong></span> <span class='ocrx_word' id='word_1_9' title='bbox 906 427 1167 498; x_wconf 83' lang='grc' dir='ltr'><strong><em>χρυσοῦν</em></strong></span> <span class='ocrx_word' id='word_1_10' title='bbox 1228 415 1400 498; x_wconf 81' lang='grc' dir='ltr'><strong><em>δέρας</em></strong></span> <span class='ocrx_word' id='word_1_11' title='bbox 1464 417 1604 492; x_wconf 77' lang='grc' dir='ltr'><strong><em>τοὺς</em></strong></span> <span class='ocrx_word' id='word_1_12' title='bbox 1664 411 2056 500; x_wconf 77' lang='grc' dir='ltr'><strong><em>Ἀργοναύτας</em></strong></span> <span class='ocrx_word' id='word_1_13' title='bbox 2119 418 2302 480; x_wconf 78' lang='grc' dir='ltr'><strong><em>ἐκεῖσε</em></strong></span> 
     </span>
     <span class='ocr_line' id='line_1_3' title="bbox 278 503 2300 589; baseline 0 -21"><span class='ocrx_word' id='word_1_14' title='bbox 278 505 579 588; x_wconf 83' lang='grc' dir='ltr'><strong><em>γενέσθαι,</em></strong></span> <span class='ocrx_word' id='word_1_15' title='bbox 614 504 715 567; x_wconf 77' lang='grc' dir='ltr'><strong><em>καὶ</em></strong></span> <span class='ocrx_word' id='word_1_16' title='bbox 750 505 1188 587; x_wconf 80' lang='grc' dir='ltr'><strong><em>προτραπέντας</em></strong></span> <span class='ocrx_word' id='word_1_17' title='bbox 1226 507 1309 580; x_wconf 85' lang='grc' dir='ltr'><strong><em>εἰς</em></strong></span> <span class='ocrx_word' id='word_1_18' title='bbox 1345 507 1448 568; x_wconf 87' lang='grc' dir='ltr'><strong><em>τὸν</em></strong></span> <span class='ocrx_word' id='word_1_19' title='bbox 1485 505 1687 588; x_wconf 82' lang='grc' dir='ltr'><strong><em>ἀγῶνα</em></strong></span> <span class='ocrx_word' id='word_1_20' title='bbox 1723 505 2146 589; x_wconf 81' lang='grc' dir='ltr'><strong><em>ἀγωνίσασθαι.</em></strong></span> <span class='ocrx_word' id='word_1_21' title='bbox 2216 503 2300 581; x_wconf 85' lang='grc' dir='ltr'><strong><em>εἷς</em></strong></span> 
     </span>
     <span class='ocr_line' id='line_1_4' title="bbox 226 587 2300 682; baseline 0 -25"><span class='ocrx_word' id='word_1_22' title='bbox 226 587 231 590; x_wconf 49' lang='grc'><strong>’</strong></span> <span class='ocrx_word' id='word_1_23' title='bbox 280 594 364 657; x_wconf 78' lang='grc' dir='ltr'><strong><em>ὢν</em></strong></span> <span class='ocrx_word' id='word_1_24' title='bbox 404 587 517 657; x_wconf 80' lang='grc' dir='ltr'><strong><em>οὖν</em></strong></span> <span class='ocrx_word' id='word_1_25' title='bbox 554 595 752 659; x_wconf 78' lang='grc' dir='ltr'><strong><em>αὐτῶν</em></strong></span> <span class='ocrx_word' id='word_1_26' title='bbox 791 593 823 656; x_wconf 80' lang='grc' dir='ltr'><em>ὅ</em></span> <span class='ocrx_word' id='word_1_27' title='bbox 856 590 1125 677; x_wconf 79' lang='grc' dir='ltr'><strong><em>Ἐργῖνος</em></strong></span> <span class='ocrx_word' id='word_1_28' title='bbox 1162 595 1442 678; x_wconf 83' lang='grc' dir='ltr'><strong><em>νεώτερος</em></strong></span> <span class='ocrx_word' id='word_1_29' title='bbox 1479 593 1589 676; x_wconf 79' lang='grc' dir='ltr'><strong><em>μὲν</em></strong></span> <span class='ocrx_word' id='word_1_30' title='bbox 1616 601 1696 681; x_wconf 77' lang='grc' dir='ltr'><strong><em>τῷ</em></strong></span> <span class='ocrx_word' id='word_1_31' title='bbox 1732 596 1945 682; x_wconf 75' lang='grc' dir='ltr'><strong><em>χρόνῳ,</em></strong></span> <span class='ocrx_word' id='word_1_32' title='bbox 1979 596 2300 677; x_wconf 85' lang='grc' dir='ltr'><strong><em>προπόλιος</em></strong></span> 
     </span>
     <span class='ocr_line' id='line_1_5' title="bbox 278 682 2302 766; baseline 0.001 -22"><span class='ocrx_word' id='word_1_33' title='bbox 278 683 339 746; x_wconf 82' lang='grc' dir='ltr'><strong><em>δὲ</em></strong></span> <span class='ocrx_word' id='word_1_34' title='bbox 392 683 504 763; x_wconf 83' lang='grc' dir='ltr'><strong><em>τὴν</em></strong></span> <span class='ocrx_word' id='word_1_35' title='bbox 555 685 779 764; x_wconf 84' lang='grc' dir='ltr'><strong><em>κόμην,</em></strong></span> <span class='ocrx_word' id='word_1_36' title='bbox 835 682 916 758; x_wconf 78' lang='grc' dir='ltr'><strong><em>ὡς</em></strong></span> <span class='ocrx_word' id='word_1_37' title='bbox 974 683 1055 763; x_wconf 83' lang='grc' dir='ltr'><strong><em>μὴ</em></strong></span> <span class='ocrx_word' id='word_1_38' title='bbox 1111 685 1317 758; x_wconf 74' lang='grc' dir='ltr'><strong><em>ἱκανὸς</em></strong></span> <span class='ocrx_word' id='word_1_39' title='bbox 1362 683 1783 766; x_wconf 69' lang='grc' dir='ltr'><strong><em>ἀγωνίσασθαι</em></strong></span> <span class='ocrx_word' id='word_1_40' title='bbox 1841 685 1940 746; x_wconf 81' lang='grc' dir='ltr'><strong><em>διὰ</em></strong></span> <span class='ocrx_word' id='word_1_41' title='bbox 1995 685 2108 763; x_wconf 77' lang='grc' dir='ltr'><strong><em>τὴν</em></strong></span> <span class='ocrx_word' id='word_1_42' title='bbox 2155 684 2302 762; x_wconf 78' lang='grc' dir='ltr'><strong><em>ὄψιν</em></strong></span> 
     </span>
     <span class='ocr_line' id='line_1_6' title="bbox 222 771 2299 856; baseline -0 -22"><span class='ocrx_word' id='word_1_43' title='bbox 222 793 246 834; x_wconf 79' lang='lat'><strong>5</strong></span> <span class='ocrx_word' id='word_1_44' title='bbox 273 782 395 834; x_wconf 80' lang='grc' dir='ltr'><strong><em>τῶν</em></strong></span> <span class='ocrx_word' id='word_1_45' title='bbox 438 779 661 835; x_wconf 83' lang='grc' dir='ltr'><strong><em>πολιῶν</em></strong></span> <span class='ocrx_word' id='word_1_46' title='bbox 714 771 946 854; x_wconf 76' lang='grc' dir='ltr'><strong><em>ἐγελᾶτο</em></strong></span> <span class='ocrx_word' id='word_1_47' title='bbox 1004 773 1120 835; x_wconf 87' lang='grc' dir='ltr'><strong><em>ὑπὸ</em></strong></span> <span class='ocrx_word' id='word_1_48' title='bbox 1175 783 1293 835; x_wconf 83' lang='grc' dir='ltr'><strong><em>τῶν</em></strong></span> <span class='ocrx_word' id='word_1_49' title='bbox 1347 783 1649 856; x_wconf 81' lang='grc' dir='ltr'><strong><em>γυναικῶν</em></strong></span> <span class='ocrx_word' id='word_1_50' title='bbox 1709 773 1810 835; x_wconf 79' lang='grc' dir='ltr'><strong><em>καὶ</em></strong></span> <span class='ocrx_word' id='word_1_51' title='bbox 1854 772 2299 854; x_wconf 76' lang='grc' dir='ltr'><strong><em>ἕπεκερτομεῖτο.</em></strong></span> 
     </span>
     <span class='ocr_line' id='line_1_7' title="bbox 276 859 2302 945; baseline 0.001 -23"><span class='ocrx_word' id='word_1_52' title='bbox 276 859 357 936; x_wconf 76' lang='grc' dir='ltr'><strong><em>ὣς</em></strong></span> <span class='ocrx_word' id='word_1_53' title='bbox 412 859 475 924; x_wconf 80' lang='grc' dir='ltr'><strong><em>δὲ</em></strong></span> <span class='ocrx_word' id='word_1_54' title='bbox 532 861 631 923; x_wconf 80' lang='grc' dir='ltr'><strong><em>διὰ</em></strong></span> <span class='ocrx_word' id='word_1_55' title='bbox 683 871 803 923; x_wconf 84' lang='grc' dir='ltr'><strong><em>τῶν</em></strong></span> <span class='ocrx_word' id='word_1_56' title='bbox 859 861 1045 944; x_wconf 71' lang='grc' dir='ltr'><strong><em>ἔργων</em></strong></span> <span class='ocrx_word' id='word_1_57' title='bbox 1100 861 1340 944; x_wconf 75' lang='grc' dir='ltr'><strong><em>ἐδείχθη</em></strong></span> <span class='ocrx_word' id='word_1_58' title='bbox 1395 861 1903 943; x_wconf 79' lang='grc' dir='ltr'><strong><em>ὑπερβαλλόμενος</em></strong></span> <span class='ocrx_word' id='word_1_59' title='bbox 1956 864 2098 936; x_wconf 77' lang='grc' dir='ltr'><strong><em>τοὺς</em></strong></span> <span class='ocrx_word' id='word_1_60' title='bbox 2148 861 2302 945; x_wconf 80' lang='grc' dir='ltr'><strong><em>ἀγω-</em></strong></span> 
     </span>
     <span class='ocr_line' id='line_1_8' title="bbox 274 944 2370 1032; baseline -0 -19"><span class='ocrx_word' id='word_1_61' title='bbox 274 951 500 1024; x_wconf 79' lang='grc' dir='ltr'><strong><em>νιστάς·</em></strong></span> <span class='ocrx_word' id='word_1_62' title='bbox 562 944 718 1032; x_wconf 79' lang='grc' dir='ltr'><strong><em>ἦσαν</em></strong></span> <span class='ocrx_word' id='word_1_63' title='bbox 762 949 827 1012; x_wconf 79' lang='grc' dir='ltr'><strong><em>δὲ</em></strong></span> <span class='ocrx_word' id='word_1_64' title='bbox 872 953 935 1012; x_wconf 84' lang='grc' dir='ltr'><strong><em>οἰ</em></strong></span> <span class='ocrx_word' id='word_1_65' title='bbox 974 961 1080 1014; x_wconf 76' lang='grc' dir='ltr'><strong><em>τοῦ</em></strong></span> <span class='ocrx_word' id='word_1_66' title='bbox 1125 949 1364 1031; x_wconf 83' lang='grc' dir='ltr'><strong><em>Βορέου</em></strong></span> <span class='ocrx_word' id='word_1_67' title='bbox 1408 953 1614 1024; x_wconf 81' lang='grc' dir='ltr'><strong><em>παῖδες</em></strong></span> <span class='ocrx_word' id='word_1_68' title='bbox 1659 952 1858 1031; x_wconf 80' lang='grc' dir='ltr'><strong><em>Ζήτης</em></strong></span> <span class='ocrx_word' id='word_1_69' title='bbox 1903 951 2004 1014; x_wconf 81' lang='grc' dir='ltr'><strong><em>καὶ</em></strong></span> <span class='ocrx_word' id='word_1_70' title='bbox 2051 951 2300 1024; x_wconf 77' lang='grc' dir='ltr'><strong><em>Κάλαϊς·</em></strong></span> <span class='ocrx_word' id='word_1_71' title='bbox 2367 1004 2370 1006; x_wconf 81' lang='grc'>.</span> 
     </span>
     <span class='ocr_line' id='line_1_9' title="bbox 280 1033 2488 1153; baseline 0.002 -52"><span class='ocrx_word' id='word_1_72' title='bbox 280 1035 615 1123; x_wconf 81' lang='grc' dir='ltr'><strong><em>Ιέπαύσατο</em></strong></span> <span class='ocrx_word' id='word_1_73' title='bbox 668 1037 707 1119; x_wconf 82' lang='grc' dir='ltr'>ἡ</span> <span class='ocrx_word' id='word_1_74' title='bbox 762 1033 894 1102; x_wconf 86' lang='grc' dir='ltr'><strong><em>κατ’</em></strong></span> <span class='ocrx_word' id='word_1_75' title='bbox 936 1039 1123 1102; x_wconf 75' lang='grc' dir='ltr'><strong><em>αὐτοῦ</em></strong></span> <span class='ocrx_word' id='word_1_76' title='bbox 1179 1038 1472 1153; x_wconf 71' lang='grc' dir='ltr'><strong><em>γινομένη</em></strong></span> <span class='ocrx_word' id='word_1_77' title='bbox 1527 1041 1731 1121; x_wconf 80' lang='grc' dir='ltr'><strong><em>χλεύη,</em></strong></span> <span class='ocrx_word' id='word_1_78' title='bbox 1793 1039 1894 1102; x_wconf 79' lang='grc' dir='ltr'><strong><em>καὶ</em></strong></span> <span class='ocrx_word' id='word_1_79' title='bbox 1947 1040 2296 1102; x_wconf 77' lang='grc' dir='ltr'><strong><em>τούναντίον</em></strong></span> <span class='ocrx_word' id='word_1_80' title='bbox 2324 1059 2488 1116; x_wconf 72' lang='lat' dir='ltr'><strong><em>neto</em></strong></span> 
     </span>
     <span class='ocr_line' id='line_1_10' title="bbox 273 1127 2304 1211; baseline 0 -21"><span class='ocrx_word' id='word_1_81' title='bbox 273 1127 654 1208; x_wconf 78' lang='grc' dir='ltr'><strong><em>ἐθαυμάσθη.</em></strong></span> <span class='ocrx_word' id='word_1_82' title='bbox 746 1128 845 1190; x_wconf 76' lang='grc' dir='ltr'><strong><em>διὰ</em></strong></span> <span class='ocrx_word' id='word_1_83' title='bbox 901 1139 1076 1191; x_wconf 78' lang='grc' dir='ltr'><strong><em>τοῦτο</em></strong></span> <span class='ocrx_word' id='word_1_84' title='bbox 1136 1152 1249 1191; x_wconf 90' lang='grc' dir='ltr'><strong><em>ουν</em></strong></span> <span class='ocrx_word' id='word_1_85' title='bbox 1306 1127 1458 1210; x_wconf 80' lang='grc' dir='ltr'><strong><em>λέγει</em></strong></span> <span class='ocrx_word' id='word_1_86' title='bbox 1514 1129 1623 1207; x_wconf 79' lang='grc' dir='ltr'><strong><em>τὴν</em></strong></span> <span class='ocrx_word' id='word_1_87' title='bbox 1683 1135 1892 1211; x_wconf 82' lang='grc' dir='ltr'><strong><em>πεῖραν</em></strong></span> <span class='ocrx_word' id='word_1_88' title='bbox 1937 1128 2304 1190; x_wconf 81' lang='grc' dir='ltr'><strong><em>πεπαυκέναι</em></strong></span> 
     </span>
     <span class='ocr_line' id='line_1_11' title="bbox 195 1213 2114 1301; baseline 0.001 -22"><span class='ocrx_word' id='word_1_89' title='bbox 195 1239 248 1279; x_wconf 84' lang='lat'><strong><em>10</em></strong></span> <span class='ocrx_word' id='word_1_90' title='bbox 274 1227 380 1298; x_wconf 77' lang='grc' dir='ltr'><strong><em>τῆς</em></strong></span> <span class='ocrx_word' id='word_1_91' title='bbox 428 1218 653 1299; x_wconf 70' lang='grc' dir='ltr'><strong><em>ὕβρεως</em></strong></span> <span class='ocrx_word' id='word_1_92' title='bbox 698 1227 805 1298; x_wconf 79' lang='grc' dir='ltr'><strong><em>τῆς</em></strong></span> <span class='ocrx_word' id='word_1_93' title='bbox 848 1213 977 1278; x_wconf 84' lang='grc' dir='ltr'><strong><em>κατ’</em></strong></span> <span class='ocrx_word' id='word_1_94' title='bbox 1027 1218 1211 1280; x_wconf 78' lang='grc' dir='ltr'><strong><em>αὐτοῦ</em></strong></span> <span class='ocrx_word' id='word_1_95' title='bbox 1258 1217 1364 1292; x_wconf 83' lang='grc' dir='ltr'><strong><em>τὰς</em></strong></span> <span class='ocrx_word' id='word_1_96' title='bbox 1408 1219 1766 1298; x_wconf 75' lang='grc' dir='ltr'><strong><em>Λημνιάδας</em></strong></span> <span class='ocrx_word' id='word_1_97' title='bbox 1811 1224 2114 1301; x_wconf 86' lang='grc' dir='ltr'><strong><em>γυναῖκας.</em></strong></span> 
     </span>
     <span class='ocr_line' id='line_1_12' title="bbox 413 1305 2358 1389; baseline 0.002 -22"><span class='ocrx_word' id='word_1_98' title='bbox 413 1309 496 1367; x_wconf 86' lang='grc'><strong><em>34</em></strong></span> <span class='ocrx_word' id='word_1_99' title='bbox 517 1328 569 1368; x_wconf 82' lang='lat' dir='ltr'><strong><em>a..</em></strong></span> <span class='ocrx_word' id='word_1_100' title='bbox 632 1305 1038 1387; x_wconf 84' lang='grc' dir='ltr'><strong><em>χαλκέοισιν</em></strong></span> <span class='ocrx_word' id='word_1_101' title='bbox 1084 1306 1157 1370; x_wconf 78' lang='grc' dir='ltr'><strong><em>δὲ</em></strong></span> <span class='ocrx_word' id='word_1_102' title='bbox 1196 1306 1268 1369; x_wconf 80' lang='grc' dir='ltr'><strong><em>ἕν</em></strong></span> <span class='ocrx_word' id='word_1_103' title='bbox 1304 1307 1607 1372; x_wconf 71' lang='grc' dir='ltr'><strong><em>ἕντεσινε</em></strong></span> <span class='ocrx_word' id='word_1_104' title='bbox 1645 1305 1875 1369; x_wconf 79' lang='grc' dir='ltr'><strong><em>ὁπλῖται</em></strong></span> <span class='ocrx_word' id='word_1_105' title='bbox 1907 1306 2018 1388; x_wconf 81' lang='grc' dir='ltr'><strong><em>γὰρ</em></strong></span> <span class='ocrx_word' id='word_1_106' title='bbox 2057 1307 2300 1389; x_wconf 78' lang='grc' dir='ltr'><strong><em>ἔτρεχον.</em></strong></span> <span class='ocrx_word' id='word_1_107' title='bbox 2327 1327 2358 1370; x_wconf 87' lang='grc' dir='ltr'>Α</span> 
     </span>
     <span class='ocr_line' id='line_1_13' title="bbox 363 1385 2302 1480; baseline 0.001 -24"><span class='ocrx_word' id='word_1_108' title='bbox 363 1397 419 1456; x_wconf 88' lang='lat' dir='ltr'><strong><em>b.</em></strong></span> <span class='ocrx_word' id='word_1_109' title='bbox 468 1393 499 1456; x_wconf 82' lang='grc' dir='ltr'>ὁ</span> <span class='ocrx_word' id='word_1_110' title='bbox 539 1393 603 1458; x_wconf 82' lang='grc' dir='ltr'><strong><em>δὲ</em></strong></span> <span class='ocrx_word' id='word_1_111' title='bbox 650 1395 715 1457; x_wconf 84' lang='grc' dir='ltr'><strong><em>δέ</em></strong></span> <span class='ocrx_word' id='word_1_112' title='bbox 762 1396 1091 1477; x_wconf 84' lang='grc' dir='ltr'><strong><em>σύνδεσμος</em></strong></span> <span class='ocrx_word' id='word_1_113' title='bbox 1136 1395 1271 1458; x_wconf 83' lang='grc' dir='ltr'><strong><em>ἀντὶ</em></strong></span> <span class='ocrx_word' id='word_1_114' title='bbox 1312 1407 1420 1458; x_wconf 80' lang='grc' dir='ltr'><strong><em>τοῦ</em></strong></span> <span class='ocrx_word' id='word_1_115' title='bbox 1465 1398 1599 1480; x_wconf 78' lang='grc' dir='ltr'><strong><em>γάρ·</em></strong></span> <span class='ocrx_word' id='word_1_116' title='bbox 1649 1390 1728 1459; x_wconf 76' lang='grc' dir='ltr'><strong><em>ἵν’</em></strong></span> <span class='ocrx_word' id='word_1_117' title='bbox 1770 1385 1836 1480; x_wconf 76' lang='grc' dir='ltr'><strong><em>ᾖ·</em></strong></span> <span class='ocrx_word' id='word_1_118' title='bbox 1883 1395 2147 1477; x_wconf 82' lang='grc' dir='ltr'><strong><em>χαλκέοις</em></strong></span> <span class='ocrx_word' id='word_1_119' title='bbox 2189 1395 2302 1478; x_wconf 78' lang='grc' dir='ltr'><strong><em>γὰρ</em></strong></span> 
     </span>
     <span class='ocr_line' id='line_1_14' title="bbox 274 1484 836 1559; baseline -0.004 -11"><span class='ocrx_word' id='word_1_120' title='bbox 274 1485 341 1548; x_wconf 76' lang='grc' dir='ltr'><strong><em>ἐν</em></strong></span> <span class='ocrx_word' id='word_1_121' title='bbox 388 1484 590 1559; x_wconf 82' lang='grc' dir='ltr'><strong><em>ὅπλοις</em></strong></span> <span class='ocrx_word' id='word_1_122' title='bbox 632 1495 836 1546; x_wconf 81' lang='grc' dir='ltr'><strong><em>νικῶν.</em></strong></span> 
     </span>
     <span class='ocr_line' id='line_1_15' title="bbox 413 1568 2446 1655; baseline 0 -20"><span class='ocrx_word' id='word_1_123' title='bbox 413 1577 564 1635; x_wconf 77' lang='lat'><strong>340.</strong></span> <span class='ocrx_word' id='word_1_124' title='bbox 637 1572 959 1654; x_wconf 80' lang='grc' dir='ltr'><strong><em>χαλκέοις</em></strong></span> <span class='ocrx_word' id='word_1_125' title='bbox 1024 1568 1081 1636; x_wconf 87' lang='grc' dir='ltr'><strong><em>δ’</em></strong></span> <span class='ocrx_word' id='word_1_126' title='bbox 1124 1573 1198 1636; x_wconf 74' lang='grc' dir='ltr'><strong><em>ἐν</em></strong></span> <span class='ocrx_word' id='word_1_127' title='bbox 1252 1573 1553 1636; x_wconf 73' lang='grc' dir='ltr'><strong><em>ἕντεσιντ</em></strong></span> <span class='ocrx_word' id='word_1_128' title='bbox 1618 1573 1650 1636; x_wconf 81' lang='grc' dir='ltr'><em>ὃ</em></span> <span class='ocrx_word' id='word_1_129' title='bbox 1698 1574 1764 1639; x_wconf 82' lang='grc' dir='ltr'><strong><em>δέ</em></strong></span> <span class='ocrx_word' id='word_1_130' title='bbox 1816 1572 1948 1635; x_wconf 81' lang='grc' dir='ltr'><strong><em>ἀντὶ</em></strong></span> <span class='ocrx_word' id='word_1_131' title='bbox 2009 1584 2114 1636; x_wconf 82' lang='grc' dir='ltr'><strong><em>τοῦ</em></strong></span> <span class='ocrx_word' id='word_1_132' title='bbox 2167 1575 2296 1655; x_wconf 78' lang='grc' dir='ltr'><strong><em>γάρ.</em></strong></span> <span class='ocrx_word' id='word_1_133' title='bbox 2329 1593 2446 1649; x_wconf 76' lang='grc' dir='ltr'><strong><em>σεο</em></strong></span> 
     </span>
     <span class='ocr_line' id='line_1_16' title="bbox 196 1657 2493 1746; baseline 0.001 -22"><span class='ocrx_word' id='word_1_134' title='bbox 196 1683 247 1724; x_wconf 78' lang='lat'><strong><em>15</em></strong></span> <span class='ocrx_word' id='word_1_135' title='bbox 278 1662 385 1725; x_wconf 85' lang='grc' dir='ltr'><strong><em>τὸν</em></strong></span> <span class='ocrx_word' id='word_1_136' title='bbox 428 1662 541 1744; x_wconf 84' lang='grc' dir='ltr'><strong><em>γὰρ</em></strong></span> <span class='ocrx_word' id='word_1_137' title='bbox 585 1661 837 1724; x_wconf 75' lang='grc' dir='ltr'><strong><em>ἔνοπλον</em></strong></span> <span class='ocrx_word' id='word_1_138' title='bbox 884 1664 1109 1744; x_wconf 88' lang='grc' dir='ltr'><strong><em>δρόμον</em></strong></span> <span class='ocrx_word' id='word_1_139' title='bbox 1144 1663 1393 1742; x_wconf 83' lang='grc' dir='ltr'><strong><em>νικήσας</em></strong></span> <span class='ocrx_word' id='word_1_140' title='bbox 1436 1662 1467 1725; x_wconf 84' lang='grc' dir='ltr'><em>ὁ</em></span> <span class='ocrx_word' id='word_1_141' title='bbox 1500 1659 1792 1746; x_wconf 76' lang='grc' dir='ltr'><strong><em>Ἐργῖνος,</em></strong></span> <span class='ocrx_word' id='word_1_142' title='bbox 1833 1658 1842 1746; x_wconf 74' lang='grc' dir='ltr'>Ι</span> <span class='ocrx_word' id='word_1_143' title='bbox 1881 1657 2005 1724; x_wconf 82' lang='grc' dir='ltr'><strong><em>εἶτα</em></strong></span> <span class='ocrx_word' id='word_1_144' title='bbox 2040 1662 2301 1744; x_wconf 82' lang='grc' dir='ltr'><strong><em>προσιὼν</em></strong></span> <span class='ocrx_word' id='word_1_145' title='bbox 2330 1681 2493 1737; x_wconf 72' lang='lat' dir='ltr'><strong><em>cneo</em></strong></span> 
     </span>
     <span class='ocr_line' id='line_1_17' title="bbox 276 1746 2302 1902; baseline 0 -90"><span class='ocrx_word' id='word_1_146' title='bbox 276 1761 351 1902; x_wconf 61' lang='grc' dir='ltr'><strong><em>τῖῦ]</em></strong></span> <span class='ocrx_word' id='word_1_147' title='bbox 386 1747 685 1838; x_wconf 56' lang='grc' dir='ltr'><strong><em>’Ίῗψιπύλῃ</em></strong></span> <span class='ocrx_word' id='word_1_148' title='bbox 734 1751 829 1813; x_wconf 81' lang='grc' dir='ltr'><strong><em>ἐπὶ</em></strong></span> <span class='ocrx_word' id='word_1_149' title='bbox 872 1758 953 1837; x_wconf 77' lang='grc' dir='ltr'><strong><em>τῷ</em></strong></span> <span class='ocrx_word' id='word_1_150' title='bbox 1002 1759 1337 1832; x_wconf 76' lang='grc' dir='ltr'><strong><em>στεφθῆναι</em></strong></span> <span class='ocrx_word' id='word_1_151' title='bbox 1381 1746 1506 1814; x_wconf 82' lang='grc' dir='ltr'><strong><em>εἶπε</em></strong></span> <span class='ocrx_word' id='word_1_152' title='bbox 1550 1753 1698 1835; x_wconf 84' lang='grc' dir='ltr'><strong><em>πρὸς</em></strong></span> <span class='ocrx_word' id='word_1_153' title='bbox 1745 1752 1934 1831; x_wconf 78' lang='grc' dir='ltr'><strong><em>αὐτὴν</em></strong></span> <span class='ocrx_word' id='word_1_154' title='bbox 1981 1753 2302 1825; x_wconf 84' lang='grc' dir='ltr'><strong><em>δεικτικῶς·</em></strong></span> 
     </span>
     <span class='ocr_line' id='line_1_18' title="bbox 278 1840 828 1923; baseline -0.004 -20"><span class='ocrx_word' id='word_1_155' title='bbox 278 1864 311 1903; x_wconf 93' lang='grc' dir='ltr'><strong><em>ο</em></strong></span> <span class='ocrx_word' id='word_1_156' title='bbox 352 1863 452 1913; x_wconf 84' lang='grc' dir='ltr'><strong><em>τος</em></strong></span> <span class='ocrx_word' id='word_1_157' title='bbox 498 1840 625 1923; x_wconf 75' lang='grc' dir='ltr'><strong><em>ἐγώ.</em></strong></span> <span class='ocrx_word' id='word_1_158' title='bbox 824 1844 828 1850; x_wconf 80' lang='grc'>’</span> 
     </span>
     <span class='ocr_line' id='line_1_19' title="bbox 415 1923 2362 2011; baseline 0.001 -20"><span class='ocrx_word' id='word_1_159' title='bbox 415 1933 514 1991; x_wconf 87' lang='grc'><strong><em>36.</em></strong></span> <span class='ocrx_word' id='word_1_160' title='bbox 589 1929 757 2010; x_wconf 78' lang='grc' dir='ltr'><strong><em>μετὰ</em></strong></span> <span class='ocrx_word' id='word_1_161' title='bbox 814 1929 1201 2010; x_wconf 74' lang='grc' dir='ltr'><strong><em>στέφανονε</em></strong></span> <span class='ocrx_word' id='word_1_162' title='bbox 1262 1929 1360 1993; x_wconf 76' lang='grc' dir='ltr'><strong><em>ἐπὶ</em></strong></span> <span class='ocrx_word' id='word_1_163' title='bbox 1413 1929 1477 1993; x_wconf 84' lang='grc' dir='ltr'><strong><em>τὸ</em></strong></span> <span class='ocrx_word' id='word_1_164' title='bbox 1545 1936 1880 2011; x_wconf 78' lang='grc' dir='ltr'><strong><em>στεφθῆναι</em></strong></span> <span class='ocrx_word' id='word_1_165' title='bbox 1934 1928 2126 1993; x_wconf 79' lang='grc' dir='ltr'><strong><em>ἀπιὼν</em></strong></span> <span class='ocrx_word' id='word_1_166' title='bbox 2181 1923 2362 1993; x_wconf 83' lang='grc' dir='ltr'><strong><em>εἶπεΑ</em></strong></span> 
     </span>
     <span class='ocr_line' id='line_1_20' title="bbox 275 2014 701 2105; baseline -0.005 -24"><span class='ocrx_word' id='word_1_167' title='bbox 275 2028 349 2105; x_wconf 76' lang='grc' dir='ltr'><strong><em>τῇ</em></strong></span> <span class='ocrx_word' id='word_1_168' title='bbox 383 2014 641 2091; x_wconf 60' lang='lat' dir='ltr'><strong><em>‘namn</em></strong></span> <span class='ocrx_word' id='word_1_169' title='bbox 685 2065 701 2079; x_wconf 92' lang='lat'><strong>.</strong></span> 
     </span>
     <span class='ocr_line' id='line_1_21' title="bbox 194 2102 2357 2191; baseline 0.001 -22"><span class='ocrx_word' id='word_1_170' title='bbox 194 2130 249 2169; x_wconf 75' lang='lat'><strong><em>520</em></strong></span> <span class='ocrx_word' id='word_1_171' title='bbox 416 2111 517 2169; x_wconf 82' lang='lat'><strong><em>37.</em></strong></span> <span class='ocrx_word' id='word_1_172' title='bbox 582 2131 790 2181; x_wconf 86' lang='grc' dir='ltr'><strong><em>ουτος</em></strong></span> <span class='ocrx_word' id='word_1_173' title='bbox 836 2108 993 2191; x_wconf 72' lang='grc' dir='ltr'><strong><em>ἐγώε</em></strong></span> <span class='ocrx_word' id='word_1_174' title='bbox 1037 2107 1103 2170; x_wconf 84' lang='grc' dir='ltr'><strong><em>τὸ</em></strong></span> <span class='ocrx_word' id='word_1_175' title='bbox 1152 2102 1326 2182; x_wconf 76' lang='grc' dir='ltr'><strong><em>οὗτος</em></strong></span> <span class='ocrx_word' id='word_1_176' title='bbox 1373 2106 1484 2190; x_wconf 74' lang='grc' dir='ltr'><strong><em>ἐγὼ</em></strong></span> <span class='ocrx_word' id='word_1_177' title='bbox 1529 2118 1798 2189; x_wconf 78' lang='grc' dir='ltr'><strong><em>ταχυτᾶτι</em></strong></span> <span class='ocrx_word' id='word_1_178' title='bbox 1844 2108 2148 2170; x_wconf 86' lang='grc' dir='ltr'><strong><em>δεικτικόν.</em></strong></span> <span class='ocrx_word' id='word_1_179' title='bbox 2326 2128 2357 2171; x_wconf 86' lang='grc' dir='ltr'>Α</span> 
     </span>
     <span class='ocr_line' id='line_1_22' title="bbox 310 2190 2358 2279; baseline 0.001 -22"><span class='ocrx_word' id='word_1_180' title='bbox 310 2238 317 2248; x_wconf 80' lang='lat'><em>-</em></span> <span class='ocrx_word' id='word_1_181' title='bbox 418 2200 517 2258; x_wconf 88' lang='lat'><strong><em>38.</em></strong></span> <span class='ocrx_word' id='word_1_182' title='bbox 564 2204 789 2279; x_wconf 85' lang='grc' dir='ltr'><strong><em>χεῖρες</em></strong></span> <span class='ocrx_word' id='word_1_183' title='bbox 837 2196 909 2258; x_wconf 84' lang='grc' dir='ltr'><strong><em>δὲ</em></strong></span> <span class='ocrx_word' id='word_1_184' title='bbox 955 2196 1073 2259; x_wconf 83' lang='grc' dir='ltr'><strong><em>καὶ</em></strong></span> <span class='ocrx_word' id='word_1_185' title='bbox 1106 2190 1304 2279; x_wconf 71' lang='grc' dir='ltr'><strong><em>ήτορε</em></strong></span> <span class='ocrx_word' id='word_1_186' title='bbox 1352 2198 1420 2258; x_wconf 79' lang='grc' dir='ltr'><strong><em>αἱ</em></strong></span> <span class='ocrx_word' id='word_1_187' title='bbox 1451 2195 1515 2258; x_wconf 82' lang='grc' dir='ltr'><strong><em>δὲ</em></strong></span> <span class='ocrx_word' id='word_1_188' title='bbox 1550 2195 1733 2278; x_wconf 83' lang='grc' dir='ltr'><strong><em>χεῖρές</em></strong></span> <span class='ocrx_word' id='word_1_189' title='bbox 1771 2220 1884 2275; x_wconf 89' lang='grc' dir='ltr'><strong><em>μου</em></strong></span> <span class='ocrx_word' id='word_1_190' title='bbox 1922 2194 2096 2276; x_wconf 82' lang='grc' dir='ltr'><strong><em>καὶὴ</em></strong></span> <span class='ocrx_word' id='word_1_191' title='bbox 2134 2196 2300 2277; x_wconf 83' lang='grc' dir='ltr'><strong><em>ψυχὴ</em></strong></span> <span class='ocrx_word' id='word_1_192' title='bbox 2327 2216 2358 2259; x_wconf 87' lang='grc' dir='ltr'>Α</span> 
     </span>
     <span class='ocr_line' id='line_1_23' title="bbox 276 2281 2302 2366; baseline -0 -18"><span class='ocrx_word' id='word_1_193' title='bbox 276 2286 678 2366; x_wconf 81' lang='grc' dir='ltr'><strong><em>κατάλληλοι..</em></strong></span> <span class='ocrx_word' id='word_1_194' title='bbox 733 2281 859 2347; x_wconf 82' lang='grc' dir='ltr'><strong><em>ἀλλ’</em></strong></span> <span class='ocrx_word' id='word_1_195' title='bbox 902 2286 1105 2366; x_wconf 79' lang='grc' dir='ltr'><strong><em>ὅμοιος</em></strong></span> <span class='ocrx_word' id='word_1_196' title='bbox 1161 2285 1392 2366; x_wconf 78' lang='grc' dir='ltr'><strong><em>ἔσομαι,</em></strong></span> <span class='ocrx_word' id='word_1_197' title='bbox 1464 2285 1638 2366; x_wconf 80' lang='grc' dir='ltr'><strong><em>ὅμοια</em></strong></span> <span class='ocrx_word' id='word_1_198' title='bbox 1695 2285 2146 2365; x_wconf 82' lang='grc' dir='ltr'><strong><em>ἐνθυμούμενος</em></strong></span> <span class='ocrx_word' id='word_1_199' title='bbox 2199 2285 2302 2347; x_wconf 76' lang='grc' dir='ltr'><strong><em>καὶ</em></strong></span> 
     </span>
     <span class='ocr_line' id='line_1_24' title="bbox 276 2376 1836 2439; baseline -0.001 -2"><span class='ocrx_word' id='word_1_200' title='bbox 276 2396 323 2437; x_wconf 90' lang='grc' dir='ltr'><strong><em>π</em></strong></span> <span class='ocrx_word' id='word_1_201' title='bbox 358 2376 563 2439; x_wconf 76' lang='grc' dir='ltr'><strong><em>άττων.</em></strong></span> <span class='ocrx_word' id='word_1_202' title='bbox 1831 2432 1836 2435; x_wconf 88' lang='grc'>.</span> 
     </span>
     <span class='ocr_line' id='line_1_25' title="bbox 324 2399 2361 2544; baseline 0 -20"><span class='ocrx_word' id='word_1_203' title='bbox 324 2399 357 2455; x_wconf 72' lang='lat' dir='ltr'><em>Q</em></span> <span class='ocrx_word' id='word_1_204' title='bbox 418 2466 498 2525; x_wconf 88' lang='grc'><strong><em>39</em></strong></span> <span class='ocrx_word' id='word_1_205' title='bbox 521 2485 573 2525; x_wconf 77' lang='lat' dir='ltr'><strong><em>a.</em></strong></span> <span class='ocrx_word' id='word_1_206' title='bbox 638 2466 949 2543; x_wconf 88' lang='grc' dir='ltr'><strong><em>φύονται</em></strong></span> <span class='ocrx_word' id='word_1_207' title='bbox 993 2463 1111 2525; x_wconf 79' lang='grc' dir='ltr'><strong><em>καὶ</em></strong></span> <span class='ocrx_word' id='word_1_208' title='bbox 1145 2462 1367 2537; x_wconf 73' lang='grc' dir='ltr'><strong><em>νέοιςε</em></strong></span> <span class='ocrx_word' id='word_1_209' title='bbox 1413 2462 1494 2537; x_wconf 77' lang='grc' dir='ltr'><strong><em>ὡς</em></strong></span> <span class='ocrx_word' id='word_1_210' title='bbox 1531 2462 1632 2525; x_wconf 85' lang='grc' dir='ltr'><strong><em>καὶ</em></strong></span> <span class='ocrx_word' id='word_1_211' title='bbox 1667 2472 1772 2525; x_wconf 80' lang='grc' dir='ltr'><strong><em>τοῦ</em></strong></span> <span class='ocrx_word' id='word_1_212' title='bbox 1808 2463 2122 2542; x_wconf 83' lang='grc' dir='ltr'><strong><em>Ψαύμιδος</em></strong></span> <span class='ocrx_word' id='word_1_213' title='bbox 2157 2486 2302 2544; x_wconf 87' lang='grc' dir='ltr'><strong><em>προ-</em></strong></span> <span class='ocrx_word' id='word_1_214' title='bbox 2330 2482 2361 2525; x_wconf 86' lang='grc' dir='ltr'>Α</span> 
     </span>
     <span class='ocr_line' id='line_1_26' title="bbox 195 2550 2303 2632; baseline 0 -18"><span class='ocrx_word' id='word_1_215' title='bbox 195 2574 250 2615; x_wconf 76' lang='lat'><strong><em>2⁶</em></strong></span> <span class='ocrx_word' id='word_1_216' title='bbox 280 2556 632 2626; x_wconf 78' lang='grc' dir='ltr'><strong><em>πολιοῦντος</em></strong></span> <span class='ocrx_word' id='word_1_217' title='bbox 685 2552 783 2614; x_wconf 77' lang='grc' dir='ltr'><strong><em>καὶ</em></strong></span> <span class='ocrx_word' id='word_1_218' title='bbox 838 2552 1206 2632; x_wconf 84' lang='grc' dir='ltr'><strong><em>νικήσαντος.</em></strong></span> <span class='ocrx_word' id='word_1_219' title='bbox 1342 2554 1397 2613; x_wconf 92' lang='lat' dir='ltr'><strong><em>b.</em></strong></span> <span class='ocrx_word' id='word_1_220' title='bbox 1445 2550 1657 2626; x_wconf 70' lang='grc' dir='ltr'><strong><em>ἄλλως·</em></strong></span> <span class='ocrx_word' id='word_1_221' title='bbox 1714 2551 1992 2625; x_wconf 81' lang='grc' dir='ltr'><strong><em>πολλάκις</em></strong></span> <span class='ocrx_word' id='word_1_222' title='bbox 2037 2576 2124 2625; x_wconf 91' lang='grc' dir='ltr'><strong><em>τις</em></strong></span> <span class='ocrx_word' id='word_1_223' title='bbox 2169 2551 2303 2625; x_wconf 85' lang='grc' dir='ltr'><strong><em>νέος</em></strong></span> 
     </span>
     <span class='ocr_line' id='line_1_27' title="bbox 278 2638 2303 2725; baseline -0 -22"><span class='ocrx_word' id='word_1_224' title='bbox 278 2639 365 2703; x_wconf 70' lang='grc' dir='ltr'><strong><em>ὢν</em></strong></span> <span class='ocrx_word' id='word_1_225' title='bbox 404 2646 710 2703; x_wconf 79' lang='grc' dir='ltr'><strong><em>πολιοῦται</em></strong></span> <span class='ocrx_word' id='word_1_226' title='bbox 745 2640 847 2703; x_wconf 82' lang='grc' dir='ltr'><strong><em>καὶ</em></strong></span> <span class='ocrx_word' id='word_1_227' title='bbox 872 2643 1030 2725; x_wconf 82' lang='grc' dir='ltr'><strong><em>παρὰ</em></strong></span> <span class='ocrx_word' id='word_1_228' title='bbox 1068 2643 1170 2704; x_wconf 88' lang='grc' dir='ltr'><strong><em>τὸν</em></strong></span> <span class='ocrx_word' id='word_1_229' title='bbox 1206 2652 1311 2722; x_wconf 77' lang='grc' dir='ltr'><strong><em>τῆς</em></strong></span> <span class='ocrx_word' id='word_1_230' title='bbox 1347 2638 1579 2721; x_wconf 69' lang='grc' dir='ltr'><strong><em>’ἡλικίας</em></strong></span> <span class='ocrx_word' id='word_1_231' title='bbox 1625 2639 1854 2703; x_wconf 79' lang='grc' dir='ltr'><strong><em>ἐοικότα</em></strong></span> <span class='ocrx_word' id='word_1_232' title='bbox 1890 2640 2120 2721; x_wconf 89' lang='grc' dir='ltr'><strong><em>χρόνον.</em></strong></span> <span class='ocrx_word' id='word_1_233' title='bbox 2197 2641 2303 2721; x_wconf 88' lang='grc' dir='ltr'><strong><em>δη-</em></strong></span> 
     </span>
     <span class='ocr_line' id='line_1_28' title="bbox 276 2724 2299 2813; baseline 0 -22"><span class='ocrx_word' id='word_1_234' title='bbox 276 2730 476 2792; x_wconf 90' lang='grc' dir='ltr'><strong><em>λονότι</em></strong></span> <span class='ocrx_word' id='word_1_235' title='bbox 520 2729 617 2791; x_wconf 80' lang='grc' dir='ltr'><strong><em>καὶ</em></strong></span> <span class='ocrx_word' id='word_1_236' title='bbox 664 2729 841 2804; x_wconf 78' lang='grc' dir='ltr'><strong><em>αὐτὸς</em></strong></span> <span class='ocrx_word' id='word_1_237' title='bbox 897 2728 929 2792; x_wconf 81' lang='grc' dir='ltr'><em>ὅ</em></span> <span class='ocrx_word' id='word_1_238' title='bbox 983 2735 1224 2811; x_wconf 77' lang='grc' dir='ltr'><strong><em>Ψαῦμις</em></strong></span> <span class='ocrx_word' id='word_1_239' title='bbox 1269 2730 1474 2803; x_wconf 86' lang='grc' dir='ltr'><strong><em>πολιὸς</em></strong></span> <span class='ocrx_word' id='word_1_240' title='bbox 1521 2724 1598 2811; x_wconf 77' lang='grc' dir='ltr'><strong><em>ἦν</em></strong></span> <span class='ocrx_word' id='word_1_241' title='bbox 1643 2729 1742 2792; x_wconf 79' lang='grc' dir='ltr'><strong><em>καὶ</em></strong></span> <span class='ocrx_word' id='word_1_242' title='bbox 1789 2724 1920 2792; x_wconf 87' lang='grc' dir='ltr'><strong><em>οἷον</em></strong></span> <span class='ocrx_word' id='word_1_243' title='bbox 1965 2729 2299 2813; x_wconf 84' lang='grc' dir='ltr'><strong><em>προπόλιος.</em></strong></span> 
     </span>
    </p>
   </div>
   <div class='ocr_carea' id='block_1_3' title="bbox 413 2836 2365 2920">
    <p class='ocr_par' dir='ltr' id='par_1_3' title="bbox 413 2836 2365 2920">
     <span class='ocr_line' id='line_1_29' title="bbox 413 2836 2365 2920; baseline 0.001 -23"><span class='ocrx_word' id='word_1_244' title='bbox 413 2836 609 2915; x_wconf 72' lang='grc' dir='ltr'><strong><em>ὕμνου</em></strong></span> <span class='ocrx_word' id='word_1_245' title='bbox 655 2836 815 2910; x_wconf 84' lang='grc' dir='ltr'><strong><em>τέλος</em></strong></span> <span class='ocrx_word' id='word_1_246' title='bbox 866 2838 1183 2918; x_wconf 82' lang='grc' dir='ltr'><strong><em>Ψαύμιδος</em></strong></span> <span class='ocrx_word' id='word_1_247' title='bbox 1228 2838 1293 2899; x_wconf 80' lang='grc' dir='ltr'><strong><em>ἐκ</em></strong></span> <span class='ocrx_word' id='word_1_248' title='bbox 1331 2839 1698 2920; x_wconf 86' lang='grc' dir='ltr'><strong><em>Καμαρίνης.</em></strong></span> <span class='ocrx_word' id='word_1_249' title='bbox 2332 2858 2365 2914; x_wconf 79' lang='lat'><strong>0</strong></span> 
     </span>
    </p>
   </div>
   <div class='ocr_carea' id='block_1_4' title="bbox 274 2950 704 2959">
    <p class='ocr_par' dir='ltr' id='par_1_4' title="bbox 274 2950 704 2959">
     <span class='ocr_line' id='line_1_30' title="bbox 274 2950 704 2959; baseline 0 0"><span class='ocrx_word' id='word_1_250' title='bbox 274 2950 704 2959; x_wconf 95' lang='lat' dir='ltr'><strong><em> </em></strong></span> 
     </span>
    </p>
   </div>
   <div class='ocr_carea' id='block_1_5' title="bbox 275 3008 2306 3648">
    <p class='ocr_par' dir='ltr' id='par_1_5' title="bbox 279 3008 2306 3365">
     <span class='ocr_line' id='line_1_31' title="bbox 426 3008 2305 3081; baseline 0.001 -20"><span class='ocrx_word' id='word_1_251' title='bbox 426 3013 453 3060; x_wconf 93' lang='lat'>1</span> <span class='ocrx_word' id='word_1_252' title='bbox 492 3008 647 3079; x_wconf 78' lang='grc' dir='ltr'><strong><em>τοὺς]</em></strong></span> <span class='ocrx_word' id='word_1_253' title='bbox 682 3016 783 3062; x_wconf 82' lang='grc' dir='ltr'><strong><em>τοῦ</em></strong></span> <span class='ocrx_word' id='word_1_254' title='bbox 821 3009 858 3063; x_wconf 88' lang='grc' dir='ltr'>Ε</span> <span class='ocrx_word' id='word_1_255' title='bbox 1022 3014 1051 3061; x_wconf 85' lang='grc'><strong>3</strong></span> <span class='ocrx_word' id='word_1_256' title='bbox 1095 3008 1283 3065; x_wconf 75' lang='grc' dir='ltr'><strong><em>αὐτῶν</em></strong></span> <span class='ocrx_word' id='word_1_257' title='bbox 1320 3024 1426 3064; x_wconf 88' lang='lat' dir='ltr'><strong><em>om.</em></strong></span> <span class='ocrx_word' id='word_1_258' title='bbox 1472 3010 1509 3064; x_wconf 88' lang='grc' dir='ltr'>Ε</span> <span class='ocrx_word' id='word_1_259' title='bbox 1669 3013 1704 3061; x_wconf 82' lang='grc'><strong>4</strong></span> <span class='ocrx_word' id='word_1_260' title='bbox 1750 3008 1968 3081; x_wconf 76' lang='grc' dir='ltr'><strong><em>ἱκανὸς]</em></strong></span> <span class='ocrx_word' id='word_1_261' title='bbox 2006 3008 2174 3073; x_wconf 84' lang='grc' dir='ltr'><strong><em>καλὸς</em></strong></span> <span class='ocrx_word' id='word_1_262' title='bbox 2209 3009 2305 3063; x_wconf 84' lang='grc' dir='ltr'><strong><em>καὶ</em></strong></span> 
     </span>
     <span class='ocr_line' id='line_1_32' title="bbox 280 3078 2300 3150; baseline 0 -17"><span class='ocrx_word' id='word_1_263' title='bbox 280 3078 477 3141; x_wconf 83' lang='grc' dir='ltr'><strong><em>ἱκανὸς</em></strong></span> <span class='ocrx_word' id='word_1_264' title='bbox 515 3081 552 3134; x_wconf 82' lang='grc' dir='ltr'><strong><em>Ι)</em></strong></span> <span class='ocrx_word' id='word_1_265' title='bbox 646 3084 677 3131; x_wconf 84' lang='grc' dir='ltr'>ὅ</span> <span class='ocrx_word' id='word_1_266' title='bbox 716 3080 813 3133; x_wconf 83' lang='grc' dir='ltr'><strong><em>καὶ</em></strong></span> <span class='ocrx_word' id='word_1_267' title='bbox 850 3079 1261 3149; x_wconf 80' lang='grc' dir='ltr'><strong><em>ἑπεκερτομεῖτο</em></strong></span> <span class='ocrx_word' id='word_1_268' title='bbox 1299 3096 1404 3133; x_wconf 88' lang='lat' dir='ltr'><strong><em>om.</em></strong></span> <span class='ocrx_word' id='word_1_269' title='bbox 1439 3080 1528 3136; x_wconf 78' lang='lat' dir='ltr'><strong><em>Bc</em></strong></span> <span class='ocrx_word' id='word_1_270' title='bbox 1557 3079 1808 3148; x_wconf 75' lang='lat' dir='ltr'><strong>Apostol.</strong></span> <span class='ocrx_word' id='word_1_271' title='bbox 1838 3082 1856 3149; x_wconf 85' lang='grc' dir='ltr'><strong><em>ΙΙ</em></strong></span> <span class='ocrx_word' id='word_1_272' title='bbox 1886 3079 2300 3150; x_wconf 80' lang='grc' dir='ltr'><strong><em>ἑπεκερτομεῑτο</em></strong></span> 
     </span>
     <span class='ocr_line' id='line_1_33' title="bbox 280 3147 2297 3222; baseline -0.001 -15"><span class='ocrx_word' id='word_1_273' title='bbox 280 3150 391 3207; x_wconf 72' lang='lat' dir='ltr'><strong><em>ssve</em></strong></span> <span class='ocrx_word' id='word_1_274' title='bbox 430 3150 854 3219; x_wconf 79' lang='grc' dir='ltr'><strong><em>ὑπεκερτομεῑτο</em></strong></span> <span class='ocrx_word' id='word_1_275' title='bbox 886 3153 923 3206; x_wconf 82' lang='grc' dir='ltr'><strong><em>Ι)</em></strong></span> <span class='ocrx_word' id='word_1_276' title='bbox 981 3152 1321 3221; x_wconf 79' lang='grc' dir='ltr'><strong><em>ἐκερτομεττο</em></strong></span> <span class='ocrx_word' id='word_1_277' title='bbox 1355 3153 1390 3206; x_wconf 89' lang='grc' dir='ltr'>Ε</span> <span class='ocrx_word' id='word_1_278' title='bbox 1535 3154 1567 3203; x_wconf 88' lang='grc'>8</span> <span class='ocrx_word' id='word_1_279' title='bbox 1671 3150 1933 3221; x_wconf 76' lang='grc' dir='ltr'><strong><em>γινομένη</em></strong></span> <span class='ocrx_word' id='word_1_280' title='bbox 1970 3150 2134 3222; x_wconf 85' lang='grc' dir='ltr'><strong><em>χλεύη</em></strong></span> <span class='ocrx_word' id='word_1_281' title='bbox 2171 3147 2297 3205; x_wconf 84' lang='grc' dir='ltr'><strong><em>κατ’</em></strong></span> 
     </span>
     <span class='ocr_line' id='line_1_34' title="bbox 280 3219 2306 3293; baseline 0 -18"><span class='ocrx_word' id='word_1_282' title='bbox 280 3221 453 3275; x_wconf 75' lang='grc' dir='ltr'><strong><em>αὐτοῦ</em></strong></span> <span class='ocrx_word' id='word_1_283' title='bbox 495 3224 575 3277; x_wconf 86' lang='grc' dir='ltr'><strong><em>Βν</em></strong></span> <span class='ocrx_word' id='word_1_284' title='bbox 687 3227 750 3275; x_wconf 90' lang='grc'><strong><em>11</em></strong></span> <span class='ocrx_word' id='word_1_285' title='bbox 790 3219 1044 3293; x_wconf 80' lang='grc' dir='ltr'><strong><em>χαλκέοις</em></strong></span> <span class='ocrx_word' id='word_1_286' title='bbox 1070 3223 1160 3278; x_wconf 52' lang='grc' dir='ltr'><strong><em>ΑΨ</em></strong></span> <span class='ocrx_word' id='word_1_287' title='bbox 1186 3224 1205 3291; x_wconf 80' lang='grc' dir='ltr'><strong><em>ΙΙ</em></strong></span> <span class='ocrx_word' id='word_1_288' title='bbox 1231 3238 1334 3291; x_wconf 85' lang='lat' dir='ltr'><strong><em>pro</em></strong></span> <span class='ocrx_word' id='word_1_289' title='bbox 1373 3221 1436 3277; x_wconf 80' lang='grc' dir='ltr'><strong><em>δὲ</em></strong></span> <span class='ocrx_word' id='word_1_290' title='bbox 1474 3238 1559 3291; x_wconf 81' lang='lat' dir='ltr'><strong><em>cp.</em></strong></span> <span class='ocrx_word' id='word_1_291' title='bbox 1591 3239 1623 3276; x_wconf 91' lang='grc' dir='ltr'><strong><em>ο</em></strong></span> <span class='ocrx_word' id='word_1_292' title='bbox 1665 3239 1737 3276; x_wconf 79' lang='lat' dir='ltr'><strong><em>sc.</em></strong></span> <span class='ocrx_word' id='word_1_293' title='bbox 1769 3223 1811 3278; x_wconf 95' lang='lat' dir='ltr'><strong>A</strong></span> <span class='ocrx_word' id='word_1_294' title='bbox 1925 3228 1990 3276; x_wconf 82' lang='lat'><strong><em>14</em></strong></span> <span class='ocrx_word' id='word_1_295' title='bbox 2026 3219 2306 3293; x_wconf 85' lang='grc' dir='ltr'><strong><em>χαλκείοις</em></strong></span> 
     </span>
     <span class='ocr_line' id='line_1_35' title="bbox 279 3289 2302 3365; baseline -0.001 -16"><span class='ocrx_word' id='word_1_296' title='bbox 279 3292 369 3349; x_wconf 73' lang='lat' dir='ltr'><strong><em>GE</em></strong></span> <span class='ocrx_word' id='word_1_297' title='bbox 396 3294 415 3361; x_wconf 74' lang='lat' dir='ltr'>ss</span> <span class='ocrx_word' id='word_1_298' title='bbox 444 3292 653 3348; x_wconf 82' lang='grc' dir='ltr'><strong><em>ἔντεσιν</em></strong></span> <span class='ocrx_word' id='word_1_299' title='bbox 692 3292 805 3349; x_wconf 70' lang='lat' dir='ltr'><strong><em>OE:</em></strong></span> <span class='ocrx_word' id='word_1_300' title='bbox 846 3293 1020 3349; x_wconf 76' lang='grc' dir='ltr'><strong><em>ἔντεσι</em></strong></span> <span class='ocrx_word' id='word_1_301' title='bbox 1056 3302 1229 3349; x_wconf 84' lang='grc' dir='ltr'><strong><em>νικῶν</em></strong></span> <span class='ocrx_word' id='word_1_302' title='bbox 1268 3293 1309 3349; x_wconf 81' lang='lat' dir='ltr'>ss</span> <span class='ocrx_word' id='word_1_303' title='bbox 1433 3298 1498 3346; x_wconf 84' lang='lat'><strong><em>15</em></strong></span> <span class='ocrx_word' id='word_1_304' title='bbox 1539 3292 1796 3348; x_wconf 79' lang='grc' dir='ltr'><strong><em>ἐνόπλιον</em></strong></span> <span class='ocrx_word' id='word_1_305' title='bbox 1838 3295 1873 3348; x_wconf 96' lang='grc' dir='ltr'>Ε</span> <span class='ocrx_word' id='word_1_306' title='bbox 1900 3296 1920 3363; x_wconf 83' lang='grc' dir='ltr'><strong><em>ΙΙ</em></strong></span> <span class='ocrx_word' id='word_1_307' title='bbox 1948 3289 2090 3365; x_wconf 81' lang='grc' dir='ltr'><strong><em>εἶτα]</em></strong></span> <span class='ocrx_word' id='word_1_308' title='bbox 2127 3294 2225 3347; x_wconf 84' lang='grc' dir='ltr'><strong><em>καὶ</em></strong></span> <span class='ocrx_word' id='word_1_309' title='bbox 2263 3295 2302 3347; x_wconf 84' lang='lat' dir='ltr'>D</span> 
     </span>
    </p>

    <p class='ocr_par' dir='ltr' id='par_1_6' title="bbox 275 3359 2302 3505">
     <span class='ocr_line' id='line_1_36' title="bbox 391 3359 2300 3439; baseline 0.001 -22"><span class='ocrx_word' id='word_1_310' title='bbox 391 3369 456 3417; x_wconf 83' lang='lat'><strong><em>16</em></strong></span> <span class='ocrx_word' id='word_1_311' title='bbox 488 3360 817 3438; x_wconf 68' lang='grc' dir='ltr'><strong><em>Ὑψιπυλείᾳ</em></strong></span> <span class='ocrx_word' id='word_1_312' title='bbox 846 3364 886 3420; x_wconf 78' lang='lat' dir='ltr'>ss</span> <span class='ocrx_word' id='word_1_313' title='bbox 912 3367 931 3435; x_wconf 79' lang='lat' dir='ltr'>ss</span> <span class='ocrx_word' id='word_1_314' title='bbox 960 3369 1399 3434; x_wconf 79' lang='grc' dir='ltr'><strong><em>στεφανωθῆναι</em></strong></span> <span class='ocrx_word' id='word_1_315' title='bbox 1429 3364 1520 3420; x_wconf 79' lang='lat' dir='ltr'><strong><em>Gss</em></strong></span> <span class='ocrx_word' id='word_1_316' title='bbox 1547 3366 1566 3433; x_wconf 80' lang='grc' dir='ltr'><strong><em>ΙΙ</em></strong></span> <span class='ocrx_word' id='word_1_317' title='bbox 1595 3359 1736 3435; x_wconf 82' lang='grc' dir='ltr'><strong><em>εἷπε]</em></strong></span> <span class='ocrx_word' id='word_1_318' title='bbox 1775 3365 1872 3418; x_wconf 83' lang='grc' dir='ltr'><strong><em>καὶ</em></strong></span> <span class='ocrx_word' id='word_1_319' title='bbox 1911 3366 1948 3419; x_wconf 82' lang='grc' dir='ltr'><strong><em>Ι)</em></strong></span> <span class='ocrx_word' id='word_1_320' title='bbox 1977 3366 1996 3435; x_wconf 75' lang='lat' dir='ltr'>n</span> <span class='ocrx_word' id='word_1_321' title='bbox 2022 3365 2164 3431; x_wconf 86' lang='grc' dir='ltr'><strong><em>πρὸς</em></strong></span> <span class='ocrx_word' id='word_1_322' title='bbox 2201 3364 2300 3439; x_wconf 63' lang='lat'><strong><em>0635-</em></strong></span> 
     </span>
     <span class='ocr_line' id='line_1_37' title="bbox 275 3431 2302 3505; baseline -0.001 -16"><span class='ocrx_word' id='word_1_323' title='bbox 275 3433 381 3503; x_wconf 85' lang='grc' dir='ltr'><strong><em>τὴν</em></strong></span> <span class='ocrx_word' id='word_1_324' title='bbox 410 3450 515 3487; x_wconf 89' lang='lat' dir='ltr'><strong><em>om.</em></strong></span> <span class='ocrx_word' id='word_1_325' title='bbox 539 3435 579 3491; x_wconf 79' lang='lat' dir='ltr'>ss</span> <span class='ocrx_word' id='word_1_326' title='bbox 606 3438 625 3503; x_wconf 81' lang='grc' dir='ltr'><strong><em>ΙΙ</em></strong></span> <span class='ocrx_word' id='word_1_327' title='bbox 652 3435 825 3490; x_wconf 77' lang='grc' dir='ltr'><strong><em>αὐτὸν</em></strong></span> <span class='ocrx_word' id='word_1_328' title='bbox 857 3437 892 3490; x_wconf 96' lang='grc' dir='ltr'>Ε</span> <span class='ocrx_word' id='word_1_329' title='bbox 986 3441 1047 3489; x_wconf 77' lang='lat'><strong><em>17</em></strong></span> <span class='ocrx_word' id='word_1_330' title='bbox 1080 3434 1241 3498; x_wconf 70' lang='grc' dir='ltr'><strong><em>οὗτος</em></strong></span> <span class='ocrx_word' id='word_1_331' title='bbox 1270 3439 1309 3491; x_wconf 84' lang='lat' dir='ltr'>D</span> <span class='ocrx_word' id='word_1_332' title='bbox 1359 3431 1522 3498; x_wconf 85' lang='grc' dir='ltr'><strong><em>οὗτος</em></strong></span> <span class='ocrx_word' id='word_1_333' title='bbox 1550 3435 1615 3491; x_wconf 79' lang='lat' dir='ltr'><strong><em>ss:</em></strong></span> <span class='ocrx_word' id='word_1_334' title='bbox 1647 3434 1819 3497; x_wconf 71' lang='grc' dir='ltr'><strong><em>οὕτως</em></strong></span> <span class='ocrx_word' id='word_1_335' title='bbox 1838 3436 1925 3492; x_wconf 71' lang='grc' dir='ltr'><strong><em>ΒΕ</em></strong></span> <span class='ocrx_word' id='word_1_336' title='bbox 1953 3441 1972 3505; x_wconf 72' lang='lat' dir='ltr'><strong><em>{i</em></strong></span> <span class='ocrx_word' id='word_1_337' title='bbox 2001 3435 2105 3505; x_wconf 76' lang='grc' dir='ltr'><strong><em>ἐγώ</em></strong></span> <span class='ocrx_word' id='word_1_338' title='bbox 2134 3451 2240 3488; x_wconf 88' lang='lat' dir='ltr'><strong><em>om.</em></strong></span> <span class='ocrx_word' id='word_1_339' title='bbox 2265 3434 2302 3488; x_wconf 80' lang='lat'><strong>0</strong></span> 
     </span>
    </p>

    <p class='ocr_par' dir='ltr' id='par_1_7' title="bbox 278 3503 2301 3648">
     <span class='ocr_line' id='line_1_38' title="bbox 388 3503 2301 3577; baseline -0.002 -18"><span class='ocrx_word' id='word_1_340' title='bbox 388 3511 457 3559; x_wconf 80' lang='lat'><strong><em>20</em></strong></span> <span class='ocrx_word' id='word_1_341' title='bbox 496 3504 745 3561; x_wconf 72' lang='grc' dir='ltr'><strong><em>δοτικόνε</em></strong></span> <span class='ocrx_word' id='word_1_342' title='bbox 786 3509 821 3562; x_wconf 79' lang='lat' dir='ltr'>V</span> <span class='ocrx_word' id='word_1_343' title='bbox 862 3506 1204 3577; x_wconf 81' lang='lat' dir='ltr'><strong>(Schroeder)</strong></span> <span class='ocrx_word' id='word_1_344' title='bbox 1327 3513 1393 3561; x_wconf 80' lang='lat'><strong><em>22</em></strong></span> <span class='ocrx_word' id='word_1_345' title='bbox 1431 3503 1552 3560; x_wconf 85' lang='grc' dir='ltr'><strong><em>ἀλλ’</em></strong></span> <span class='ocrx_word' id='word_1_346' title='bbox 1588 3508 1909 3575; x_wconf 73' lang='lat' dir='ltr'><strong>suspectum</strong></span> <span class='ocrx_word' id='word_1_347' title='bbox 2031 3511 2100 3558; x_wconf 81' lang='lat'><strong><em>24</em></strong></span> <span class='ocrx_word' id='word_1_348' title='bbox 2143 3504 2301 3571; x_wconf 80' lang='grc' dir='ltr'><strong><em>Ψάμ-</em></strong></span> 
     </span>
     <span class='ocr_line' id='line_1_39' title="bbox 278 3577 923 3648; baseline 0.003 -19"><span class='ocrx_word' id='word_1_349' title='bbox 278 3578 442 3647; x_wconf 85' lang='grc' dir='ltr'><strong><em>μιδος</em></strong></span> <span class='ocrx_word' id='word_1_350' title='bbox 585 3583 649 3631; x_wconf 77' lang='lat'><strong><em>27</em></strong></span> <span class='ocrx_word' id='word_1_351' title='bbox 697 3577 923 3648; x_wconf 79' lang='grc' dir='ltr'><strong><em>Ψάμμις</em></strong></span> 
     </span>
    </p>
   </div>
   <div class='ocr_carea' id='block_1_6' title="bbox 1073 3708 1500 3716">
    <p class='ocr_par' dir='ltr' id='par_1_8' title="bbox 1073 3708 1500 3716">
     <span class='ocr_line' id='line_1_40' title="bbox 1073 3708 1500 3716; baseline 0 166"><span class='ocrx_word' id='word_1_352' title='bbox 1073 3708 1500 3716; x_wconf 95' lang='lat' dir='ltr'><strong><em> </em></strong></span> 
     </span>
    </p>
   </div>
  </div>
 </body>
</html>
