2646 3882
983 234 1200 305 olymp.
1229 234 1359 289 VIII
1397 240 1621 289 33—42
2174 234 2303 299 247

286 410 470 481 νῆσος
515 401 897 482 περιελείπετο
942 400 1243 482 βασιλέως,
1288 401 1354 462 ἐν
1393 403 1579 487 τούτῳ
1619 402 1888 483 Τριάκων
1924 426 2010 475 τις
2043 395 2298 483 Ἀργεῖος

288 488 560 565 συλλέξας
615 495 847 569 πλῆθος
887 484 1160 572 Ἀργείων
1206 483 1300 572 (οἷ
1341 488 1404 551 δὲ
1444 486 1691 572 Ἀργεῖοι
1735 500 1841 553 τοῦ
1887 494 2160 571 Δωρικοῦ
2205 490 2300 571 γέ-

169 588 178 596 ‘
287 572 462 661 νους)
507 579 590 653 εἰς
643 578 753 657 τὴν
800 580 1055 661 Αἴγιναν
1110 573 1302 660 ἦλθον
1356 578 1456 641 καὶ
1510 576 1875 665 κατῴκησαν.
1918 573 1927 661 Ι
1967 579 2068 640 καὶ
2112 579 2301 653 οὕτως
2329 596 2497 652 aceo

287 668 448 743 ἔδοξε
504 667 642 747 μετὰ
696 667 800 729 τὸν
855 668 1086 730 Αἰακὸν
1139 666 1641 748 ἀποταμιεύεσθαι
1703 675 1825 742 τοῖς
1881 672 2207 749 Δωριεῦσιν
2260 665 2299 748 ἡ

237 778 261 819 ⁵
289 766 392 836 τῆς
437 757 689 838 Αὗγίνης
736 755 899 838 ἀρχή·

422 849 502 905 41
528 867 580 907 a.
645 845 764 907 τὸν
819 852 984 919 παῖς
1040 844 1071 906 ὅ
1119 851 1425 919 Λατοῦςτ
1482 846 1645 919 ἰδίως
1700 844 1887 924 φησὶν
1945 843 1976 906 6
2034 845 2361 924 ΔίδυμοςΑ

287 932 387 995 καὶ
441 935 670 1007 τούτοις
724 934 1054 1016 χρήσασθαι
1107 934 1209 996 τὸν
1256 935 1591 1015 Πίνδαρον·
1646 933 1749 995 τὸν
1797 933 1908 1015 γὰρ
1955 935 2303 996 Ποσειδῶνα

287 1022 389 1084 καὶ
437 1017 771 1085 Ἀπόλλωνα
828 1023 912 1097 εἰς
965 1022 1075 1101 τὴν
1133 1032 1239 1085 τοῦ
1297 1024 1521 1103 τείχους
1575 1023 1940 1101 κατασκευήν
1997 1040 2149 1101 φησι
2200 1022 2303 1085 τὸν

291 1112 522 1173 Αἰακὸν
568 1114 938 1193 προσλαβεῖν.
1029 1110 1131 1173 καὶ
1175 1111 1278 1173 τὸν
1323 1112 1499 1193 λόγον
1546 1110 1902 1190 ἀποδίδωσί,
1948 1129 2158 1191 φησιν,
2204 1112 2305 1173 ἵνα

212 1222 264 1262 ιο
293 1199 393 1261 διὰ
438 1202 648 1262 τούτου
701 1211 807 1262 τοῦ
864 1199 1077 1281 μέρους
1123 1197 1312 1281 (τοῦ)
1357 1200 1474 1262 ὑπὸ
1522 1202 1753 1262 Αἰακοῦ
1801 1199 2305 1280 οἰκοδομηθέντος

289 1287 581 1369 ἁλώσιμος
624 1288 861 1371 γένηται
899 1286 1156 1368 ἡἽλιος.
1229 1283 1373 1371 παρ’
1405 1289 1602 1350 οὐδενὶ
1642 1287 1705 1349 δὲ
1742 1288 2113 1373 πρεσβυτέρῳ
2154 1293 2305 1350 Πιν-

291 1378 474 1460 δάρου
519 1375 558 1457 ἡ
607 1380 854 1460 ἱστορία·
902 1375 933 1438 ὅ
982 1376 1044 1439 δὲ
1089 1378 1421 1460 Εὐφορίων
1467 1378 1653 1457 φησίν
1700 1370 1800 1461 (fr.
1842 1380 1923 1438 58
1946 1372 2080 1455 M.)-

513 1478 550 1565 ἦ
596 1484 707 1567 γὰρ
755 1485 830 1564 δὴ
883 1486 1107 1565 Φοῖβός
1151 1508 1211 1547 τε
1255 1486 1606 1547 Ποσειδάων
1651 1479 1703 1545 τ’
1744 1482 2058 1545 ἐκάλεσσαν
2176 1552 2181 1557 ‚

513 1573 766 1653 Αἰακὸν,
811 1574 921 1636 οὐκ
967 1573 1283 1655 ἀβοήθητα
1328 1574 1461 1655 περὶ
1504 1573 1805 1655 κρήδεμνα
1852 1571 2141 1653 δέμοντες.

209 1702 261 1741 15
425 1684 505 1741 41
530 1683 584 1741 b.
648 1679 768 1742 τὸν
812 1687 979 1753 παῖς
1027 1679 1058 1741 6
1096 1686 1408 1754 Λατοῦςε
1470 1680 1675 1742 ὅντινα
1712 1680 1942 1742 Αἰακὸν
1991 1678 2022 1741 6
2072 1673 2276 1764 Ἀπόλ-
2305 1695 2516 1752 aeneo

289 1775 406 1831 λων
452 1768 553 1831 καὶ
601 1767 632 1830 6
671 1771 1002 1848 Ποσειδῶν,
1049 1768 1349 1849 μέλλοντες
1395 1769 1497 1832 τὸν
1544 1768 1839 1848 στέφανον
1882 1766 1983 1830 καὶ
2018 1768 2082 1830 τὸ
2120 1775 2303 1849 τεῖχος

289 1867 392 1937 τῆς
433 1852 608 1919 Ἰλίου
654 1860 1124 1937 κατασκευάζειν,
1170 1858 1455 1940 συνεργὸν
1502 1859 1727 1920 εἴλοντο
1772 1857 1873 1919 καὶ
1918 1857 2302 1939 συλλήπτορα.

289 1949 534 2020 τούτους
570 1947 682 2029 γὰρ
718 1949 1093 2009 κατεδίκασεν
1131 1945 1162 2008 ὅ
1192 1949 1345 2020 Ζεὺς
1381 1947 1529 2026 πρὸς
1564 1947 1674 2026 τὴν
1702 1949 2057 2028 τειχοποιίαν
2085 1946 2305 2028 ’ὑπηρε-

288 2045 459 2115 τῆσαι
513 2042 591 2119 τῷ
646 2035 1046 2116 Λαομέδοντι,
1101 2035 1300 2115 ἐπειδὴ
1356 2035 1789 2117 ἐπεβούλευσαν
1842 2036 2002 2119 αὐτῷ
2058 2036 2142 2109 εἰς
2195 2035 2305 2113 τὴν

209 2145 263 2184 20
291 2124 613 2204 βασιλείαν·
661 2122 964 2204 ἠθέλησαν
1008 2123 1119 2206 γὰρ
1165 2124 1347 2187 αὐτὸν
1393 2135 1761 2206 μεταστῆσαι,
1808 2123 1888 2198 ὥς
1924 2123 2023 2186 καὶ
2042 2121 2305 2206 ’Ὅμηρος

289 2214 649 2292 μνημονεύει
694 2207 783 2293 (A
822 2206 1001 2296 399)·

513 2317 728 2380 ὁππότε
774 2343 875 2400 μιν
921 2321 1210 2399 ξυνδῆσαι
1247 2313 1555 2399 Ὀλύμπιοι
1598 2317 1821 2398 ’ἤθελον
1864 2317 2049 2399 ἄλλοι,

495 2403 653 2488 ’Ἡρη
699 2401 753 2468 τ’
793 2405 898 2487 ήδὲ
947 2409 1294 2469 Ποσειδάων
1339 2407 1440 2470 καὶ
1489 2411 1713 2489 Φοῖβος
1755 2401 2070 2487 Ἀπόλλων,

289 2513 397 2594 οὐχ
441 2511 522 2586 ὡς
568 2513 736 2593 ἔνιοι,
779 2513 875 2575 καὶ
925 2514 1165 2588 Παλλὰς
1204 2509 1455 2593 Ἀθήνη.

208 2623 260 2664 25
424 2607 506 2663 42
529 2624 580 2664 a.
647 2603 1080 2685 εύρυμέδωνε
1127 2605 1387 2686 μεγάλως
1432 2605 1776 2684 βασιλεύων.
2332 2622 2367 2678 Q

431 2811 496 2883 1¹8
535 2828 649 2883 seh.
678 2828 728 2881 A
765 2833 814 2882 A
842 2833 962 2882 399.
1010 2829 1122 2882 sch.
1152 2827 1256 2880 BT
1292 2832 1345 2881 Α
1371 2833 1491 2882 400.
1540 2828 1651 2881 sch.
1683 2827 1728 2880 Τ
1770 2831 1817 2880 Φ
1844 2834 1948 2881 444

431 3049 459 3096 1
499 3041 763 3114 βασιλέως
799 3042 859 3096 ἐν
894 3041 1071 3113 τούτῳ
1110 3058 1216 3095 om.
1258 3043 1295 3097 D
1338 3043 1357 3111 ΙΙ
1404 3040 1464 3096 ἐν
1498 3042 1675 3095 τούτω
1713 3040 1825 3096 GE:
1866 3040 1926 3095 ἐν
1962 3040 2182 3104 τούτοις
2220 3042 2303 3095 Βν

288 3130 392 3167 om.
433 3112 475 3168 ss
636 3120 666 3166 3
704 3107 843 3183 ἦλθε
881 3113 977 3167 καὶ
1013 3111 1329 3186 κατῴκησεν
1364 3112 1560 3180 Heyne
1598 3094 1741 3165 obse.
1782 3112 1855 3164 ad
1892 3111 2075 3182 Apoll.
2114 3131 2167 3180 p.
2199 3116 2303 3166 306

289 3183 611 3256 (κατῴκισεν
651 3184 705 3238 C.
737 3183 798 3238 Ο.
829 3183 1032 3238 Mfiller
1066 3184 1264 3253 Aegin.
1303 3203 1355 3252 p.
1387 3189 1473 3248 43,
1493 3186 1565 3253 g).
1723 3189 1754 3236 9
1794 3184 2148 3254 (προσλαβεῖν
2186 3183 2247 3250 Α)
2298 3183 2304 3255 Ι

289 3256 471 3309 καὶ-
492 3273 665 3324 φησιν
694 3272 799 3309 om.
833 3257 891 3320 bg
931 3255 1026 3309 cfr.
1056 3255 1230 3309 Lehrs
1257 3272 1311 3325 p.
1337 3261 1365 3308 7
1395 3257 1413 3324 ΙΙ
1442 3256 1677 3325 φη(σὶν)·
1718 3255 1929 3325 φηζσὶν)
1959 3256 2001 3311 Α
2031 3253 2279 3324 (dittogr.

433 3332 496 3379 11
535 3326 571 3394 ἡ
597 3323 787 3398 Ἴλιος]
826 3325 856 3379 ὁ
893 3323 1047 3394 ἥλιος
1073 3328 1164 3383 Am
1300 3331 1367 3381 13
1405 3323 1440 3395 ἢ
1471 3325 1583 3450 ἵὰρ
1622 3323 1896 3396 δηίφοβός
1929 3345 2011 3380 τες
2052 3324 2305 3378 Gerhard

434 3403 500 3449 14
546 3395 759 3467 ἀβόητα
804 3397 934 3465 περὶ
969 3396 1280 3452 Mommsen
1327 3414 1507 3467 supp.
1555 3415 1608 3466 p.
1650 3402 1751 3450 104
1808 3398 1844 3450 ἀ
1883 3395 2147 3464 οήθητοι,
2194 3411 2302 3447 om.

290 3466 418 3535 περὶ
456 3468 486 3521 b
543 3468 741 3538 ἀβοητὶ
775 3469 986 3535 πατρὸς
1020 3467 1278 3522 Meineke
1315 3469 1353 3522 ἀ
1393 3469 1529 3536 οηθὶ
1555 3465 1748 3530 πόλιος
1773 3468 1851 3522 Lo
1894 3466 1997 3520 eck
2024 3464 2300 3534 Aglaoph.

289 3554 344 3607 p.
377 3543 519 3591 2870
557 3541 707 3608 (nam
743 3539 899 3606 πρὸς,
937 3557 1048 3592 non
1084 3541 1213 3608 περὶ
1248 3540 1331 3594 Re
1376 3542 1410 3610 .)
1446 3541 1465 3609 ΙΙ
1502 3537 1760 3609 δεμόντες
1918 3543 1984 3590 18
2019 3552 2231 3606 τοιχοπ.
2266 3534 2302 3587 Ε

433 3615 498 3662 23
525 3605 670 3679 “Hpq
707 3607 758 3663 τ’
782 3609 882 3679 ἠδὲ
911 3610 1240 3667 Ποσειδάων
1278 3629 1385 3665 om.
1427 3612 1466 3665 Β
1851 3616 1858 3622 ’
