2646 3882
311 197 397 270 68
1063 195 1068 199 “
1207 202 1433 258 Scholia

96 396 311 452 Βυει-ιο
413 359 416 363 ’
451 375 531 433 29
555 393 605 434 c.
662 379 799 432 τῶν
836 368 909 431 δὲ
943 368 1484 452 πεπραγμένωντ
1531 367 1565 432 6
1606 368 1823 451 Θήρων
1856 367 2159 450 θυγατέρα
2194 365 2333 430 ἓαυ-

312 470 420 523 τοῦ
464 457 710 534 ἐξέδωκε
753 458 901 542 πρὸς
944 459 1136 540 γάμον
1173 458 1499 546 Πολυζήλῳ·
1542 465 1623 543 τῷ
1667 456 1903 542 ἀδελφῷ
1932 454 2220 538 Ἱέρωνος,
2264 452 2335 531 ὃς

313 548 616 630 πεμφθεὶς
659 547 778 610 ὑπὸ
818 545 1084 629 Ἱέρωνος
1128 553 1456 628 πολεμῆσαι
1507 554 1631 622 τοῖς
1684 548 2006 627 περιοίκοις
2051 545 2335 607 Σικελιώ-

313 662 440 712 ταις
483 638 827 720 βαρβάροις,
873 636 1090 698 ἕπαυσε
1134 636 1237 699 τὸν
1281 637 1539 717 πόλεμον
1580 635 1756 750 χωρὶς
1791 645 1897 716 τῆς
1930 644 2039 697 τοῦ
2067 631 2339 715 Ἱέρωνος

311 727 584 810 γνώμης,
647 724 748 788 καὶ
803 725 902 788 διὰ
955 735 1128 788 τοῦτο
1183 725 1248 788 ἐν
1303 726 1595 808 ὑφοράσει
1648 749 1741 806 ην.
1837 724 2216 806 Θρασυδαίου
2271 721 2338 784 δὲ
2392 743 2418 784 5

311 827 420 879 τοῦ
472 815 757 898 Θήρωνος
800 815 939 876 υίοῦ
983 816 1293 892 πείσαντος
1345 814 1451 877 τὸν
1496 815 1847 893 Πολύζηλον
1889 811 2213 875 ἐπνθέσθαι
2255 818 2339 898 τῷ

308 903 560 987 Ἱέρωνι,
617 903 1094 986 ὑπισχνουμένου
1153 904 1337 967 αὐτοῦ
1395 908 1520 977 τοῖς
1562 903 1863 984 πράγμασι
1906 901 2339 981 συναντιλήψε-

317 1000 494 1074 σθαι,
549 993 735 1075 γνοὺς
779 991 812 1054 6
850 989 1049 1074 Ἱέρων
1093 992 1322 1075 ἔκρινεν
1368 993 1635 1074 αἱρήσειν
1679 990 1789 1071 τὴν
1829 986 2194 1072 Ἀκράγαντα
2237 989 2343 1052 καὶ

322 1083 579 1165 Θήρωνα
631 1080 732 1144 καὶ
792 1082 1188 1164 Θρασυδαῖον.
1278 1081 1611 1160 μελλόντων
1664 1078 1729 1142 δὲ
1783 1089 1905 1142 τῶν
1948 1081 2143 1159 φίλων
2181 1085 2207 1140 ’.
2234 1127 2248 1139 .
2277 1125 2294 1140 .
2324 1127 2337 1140 .

317 1171 544 1252 ἔπεμψε
584 1171 933 1251 Σιμωνίδης
979 1169 1011 1232 6
1058 1171 1296 1253 λυρικὸς
1341 1169 1490 1252 πρὸς
1525 1169 1709 1232 αὐτὸν
1756 1169 2200 1250 συμβουλεύων,
2244 1165 2340 1229 ἐκ-
2368 1187 2425 1229 ιο

322 1261 565 1343 ταράξαι
611 1265 830 1340 μᾶλλον
873 1260 1236 1341 βουλόμενος
1279 1265 1363 1345 τῷ
1408 1261 1661 1340 μηνύειν
1705 1257 1815 1337 τὴν
1860 1256 2187 1338 μέλλουσαν
2218 1256 2341 1319 αὖ·

318 1359 438 1411 τῶν
480 1349 810 1432 προδοσίαν
855 1347 1098 1411 ἔσεσθαι
1139 1348 1241 1411 καὶ
1294 1349 1435 1422 τοὺς
1477 1344 1885 1429 προδιδόντας.
1979 1345 2011 1408 ὃ
2058 1343 2125 1407 δὲ
2170 1345 2343 1407 εύλα-

320 1437 537 1519 βηθεὶς
589 1435 906 1523 ἐξεχώρησε
957 1447 1077 1499 τῶν
1130 1439 1491 1520 πραγμάτων
1544 1443 1625 1522 τῷ
1671 1433 1923 1518 Ἱέρωνι,
1976 1436 2221 1515 ὕστερον
2276 1431 2345 1496 δὲ

321 1525 612 1608 ἀπέλαβεν
665 1521 768 1586 ἀπ’
810 1527 995 1589 αὐτοῦ
1059 1527 1168 1606 τὴν
1223 1526 1580 1608 τυραννίδα,
1640 1523 1744 1586 καὶ
1807 1526 2173 1602 διελύθησαν
2236 1531 2344 1602 τῆς

321 1615 538 1696 ἔχθρας
545 1660 568 1694 ,
624 1613 706 1688 ὡς
763 1614 864 1676 καὶ
919 1616 1167 1695 κηδείαν
1224 1616 1359 1679 τινὰ
1411 1615 1562 1696 πρὸς
1614 1613 1902 1694 ἀλλήλους
1954 1612 2344 1692 ποιήσασθαι,
2372 1631 2425 1672 15

321 1703 650 1783 ἀδελφιδῆν
684 1704 968 1785 Θήρωνος
996 1701 1262 1786 Ἱέρωνος
1298 1705 1585 1785 λαβόντος
1610 1709 1883 1785 γυναῖκα.
1938 1701 2089 1764 ὅθεν
2127 1699 2159 1762 6
2187 1701 2345 1764 Πίν-

327 1793 508 1876 δαρος
551 1791 1070 1875 παραπέμψασθαι
1113 1800 1401 1876 παραινεῖ
1434 1792 1505 1855 τὰ
1548 1789 2037 1876 προγεγενημένα.
2093 1814 2146 1854 ει
2176 1807 2297 1852 oen

112 1905 329 1962 Βοεκο
467 1886 547 1945 29
571 1883 626 1945 d.
677 1878 915 1962 [bii-2019·
960 1893 1096 1946 τῶν
1133 1881 1205 1945 δὲ
1242 1876 1809 1965 πεπραγμένωνι]
1849 1884 2116 1961 ζητεῖται,
2154 1873 2235 1940 δι’
2264 1876 2347 1958 ἣν

323 1971 518 2033 αίτίαν
563 1971 881 2057 εὐξάμενος
925 1979 1006 2058 τῷ
1057 1973 1298 2055 Θήρωνι
1342 1972 1413 2034 τὰ
1456 1972 1759 2051 κάλλιστα,
1812 1970 2183 2031 κατάπαυσιν
2226 1978 2347 2030 τῶν

323 2058 711 2143 πραχθέντων
757 2061 970 2123 δεινῶν
1015 2063 1256 2124 αἰτεῖται
1299 2060 1405 2123 τὸν
1450 2062 1583 2122 Δία.
1673 2058 1775 2121 καὶ
1820 2057 1852 2120 6
1900 2056 2006 2138 μὲν
2046 2053 2345 2139 Ἀρίσταρ-
2374 2078 2431 2119 2⁰

325 2149 428 2231 χός
481 2166 660 2229 φησι,
717 2148 816 2210 διὰ
868 2150 934 2212 τὸ
987 2149 1343 2231 κεκμηκέναι
1394 2150 1537 2223 τοὺς
1588 2158 1694 2211 τοῦ
1755 2148 2040 2229 Θήρωνος
2092 2144 2351 2226 πατέρας

328 2237 477 2300 κατὰ
520 2237 632 2319 τὴν
668 2231 892 2319 Ῥόδον,
935 2250 1054 2301 τῶν
1097 2240 1458 2322 πραγμάτων
1502 2235 1993 2318 στασιαζομένων,
2044 2234 2146 2297 καὶ
2188 2236 2347 2297 οὕτω

325 2327 436 2407 τὴν
481 2328 780 2408 μετοικίαν
826 2330 910 2401 εἰς
953 2328 1063 2408 τὴν
1091 2330 1372 2391 Σικελίαν
1409 2324 1814 2407 στειλαμένων.
1906 2324 1939 2387 6
1976 2322 2040 2387 δὲ
2077 2325 2350 2403 Δίδυμος

325 2415 391 2478 τὸ
455 2414 865 2499 ἀκριβέστερον
916 2426 1023 2497 τῆς
1075 2419 1336 2500 ἱστορίας
1398 2416 1721 2495 ἐκτίθεται,
1775 2415 2039 2496 μάρτυρα
2096 2414 2348 2493 Τίμαιον

327 2526 492 2579 (FHG
515 2527 562 2579 1,
591 2527 686 2579 214)
730 2505 834 2567 τὸν
879 2507 1248 2581 συντάξαντα
1289 2506 1362 2567 τὰ
1406 2504 1540 2587 περὶ
1575 2514 1681 2584 τῆς
1730 2504 2005 2576 Σικελίας
2049 2501 2354 2584 προφερό-
2375 2523 2430 2564 25

475 2742 521 2789 1.
544 2742 574 2788 2
615 2736 790 2789 αὐτοῦ
829 2731 1026 2789 ῠΕΗῦ
1152 2736 1202 2785 4.
1224 2734 1256 2783 5
1293 2737 1361 2801 τῇ
1396 2749 1441 2783 τ.
1474 2726 1535 2782 Ἱ.
1574 2728 1782 2801 γνώμῃ,
1820 2744 1927 2782 om.
1966 2727 2149 2798 χωρὶς,
2189 2728 2225 2781 Ε
2263 2728 2351 2797 (τῇ

335 2850 382 2861 ..
404 2848 417 2860 .
442 2849 453 2860 .
482 2806 636 2875 γνώμ
711 2806 770 2859 et
806 2804 866 2874 ss)
1048 2808 1080 2856 5
1123 2797 1487 2870 Θρασυδαίου
1526 2800 1567 2857 ss
1612 2802 1721 2870 (5⁰1³
1759 2802 1896 2869 ΠΨ»
1948 2794 2271 2866 Θρασυδίου
2311 2799 2353 2853 Β

337 2874 628 2945 Θρασιμήδ
651 2879 769 2944 ους)
809 2878 846 2931 D
965 2878 997 2927 7
1037 2870 1545 2943 συναντιλαβέσθαι
1583 2871 1731 2928 Dflss
1849 2875 1880 2924 9
1923 2869 2245 2938 Θρασύδιον
2276 2871 2315 2924 Β
2334 2869 2357 2941 ΙΙ

331 2945 607 3017 μελόντων
655 2950 695 3002 Β
748 2948 768 3016 ΙΙ
821 2946 928 3000 lac.
973 2944 1244 3012 indicavi,
1293 2942 1356 2997 in
1392 2958 1507 3012 qua
1556 2942 1627 2995 de
1672 2941 1995 3011 proditione
2048 2940 2356 2995 amicorum

333 3018 550 3072 dictum
585 3019 708 3072 erat
818 3022 883 3071 10
922 3017 1126 3086 ἔπεμπε
1157 3018 1196 3071 Β
1307 3021 1373 3069 11
1412 3016 1619 3083 μᾶλλον
1648 3013 1867 3070 ῠΕΗῦε
1907 3014 2113 3082 μᾶλλον
2148 3012 2247 3066 καὶ
2274 3013 2314 3066 Β
2348 3011 2357 3083 Ι

334 3088 674 3161 βουλόμενον
713 3091 751 3145 ὓ
801 3088 1063 3159 ἑλόμενον
1102 3089 1141 3143 Ε
1165 3089 1185 3156 ΙΙ
1211 3091 1295 3159 ’ῢῷ
1315 3087 1439 3157 (sic)
1477 3085 1709 3155 μηνύειν
1740 3087 1807 3141 B:
1844 3083 2072 3153 μηνύων
2106 3082 2299 3138 ῠΕΒΗ

409 3167 490 3215 11.
516 3166 581 3213 12
620 3160 806 3215 αὐτῶν
846 3159 1120 3216 Rufino:
1161 3159 1336 3213 αὐτοῦ
1376 3160 1412 3213 Ε
1466 3156 1617 3227 αὐτῷ
1656 3158 1689 3211 h
1844 3161 1910 3209 12
1948 3155 2081 3216 τοὺς
2116 3170 2223 3207 om.
2265 3155 2301 3208 Ε
2336 3152 2360 3225 ΙΙ

333 3229 760 3298 παραδιδόντας
797 3233 836 3286 Β
958 3237 1025 3285 14
1061 3228 1337 3303 ὑπέλαβεν
1376 3230 1415 3284 Ε
1525 3232 1731 3282 15-17
1770 3225 1870 3281 cfr.
1908 3226 2104 3279 Thom.
2138 3231 2257 3293 114,
2290 3230 2355 3278 11

334 3302 438 3357 Ab.
588 3308 652 3357 16
691 3303 1002 3372 ἀδελφιδῆν
1023 3332 1090 3343 --—
1114 3310 1360 3371 γυναῖκα
1394 3317 1502 3353 om.
1534 3302 1571 3355 D
1626 3301 1645 3368 ΙΙ
1699 3299 2013 3367 ἀδελφιδῆν
2050 3296 2248 3366 scripsi
2284 3294 2355 3349 ol.

337 3374 450 3428 sch.
479 3373 529 3427 J.
556 3372 608 3425 H
643 3373 834 3427 insen:
863 3372 1114 3443 ἀδελφὴν
1208 3377 1271 3426 17
1309 3368 1789 3439 παραπέμπεσθαι
1826 3368 1974 3425 11Ηο
2080 3372 2145 3421 18
2166 3366 2361 3429 ’ἄλλως

337 3448 396 3501 et
427 3445 467 3501 l.
505 3460 612 3497 om.
654 3443 690 3499 0
725 3442 764 3495 l.
805 3460 911 3499 om.
950 3443 991 3500 ss
1165 3448 1234 3497 20
1271 3442 1499 3513 δεινῶν]
1536 3443 1659 3496 δεῖν
1699 3443 1735 3496 Ε
1896 3445 1965 3493 23
2000 3440 2103 3508 τὴν
2140 3438 2219 3499 εἰς
2254 3437 2360 3507 τὴν

337 3518 404 3571 Σ.
443 3512 788 3585 μετοικεσίαν
826 3513 910 3568 ΕΙ)
967 3514 1046 3575 εἰς
1079 3512 1183 3581 τὴν
1221 3516 1286 3567 Σ.
1326 3512 1429 3583 τὴν
1466 3508 1751 3582 μετοικίαν
1790 3511 1875 3581 οη
1912 3508 1993 3572 εἰς
2025 3509 2157 3571 τοὺς
2192 3512 2359 3564 Σικε-

337 3584 465 3640 λίαν
504 3587 544 3640 Β
723 3588 792 3637 26
830 3582 1230 3653 συμπράξαντα
1268 3587 1304 3639 Ε
1330 3586 1351 3653 11
1377 3581 1773 3653 προφερόμενα
1812 3584 1848 3639 Ε
1898 3608 1902 3613 ’
