2646 3882
368 203 494 270 112
1096 231 1101 234 ·
1257 204 1482 260 Scholia
1587 266 1593 270 ⁴
1655 243 1660 246 -

348 367 583 451 Ἴστρου
626 380 893 451 ποταμοῦ
939 379 1058 432 τῶν
1102 372 1363 434 συσκίων
1407 380 1618 453 πηγῶν
1659 370 1931 450 ἐκόμισεν
1968 369 2001 434 6
2037 381 2144 434 τοῦ
2173 365 2388 452 Ἀμφι-

363 460 627 539 τρύωνος
698 465 840 533 παῖς
902 454 1198 541 εΗρακλῆς
1270 466 1564 541 μνημεῖον
1633 457 1916 541 ἐσόμενον
1986 469 2104 522 τῶν
2175 460 2275 523 ἐν
2316 470 2389 548 τῇ

356 543 645 634 Ὀλυμπία
688 545 916 612 ἄθλων.
976 559 1057 612 28¹²
1077 566 1151 611 cn
1165 566 1241 623 ερ
1561 601 1566 606 .

159 656 367 713 aeneo
505 639 661 699 258,
710 633 986 720 Ἴστρου
1033 635 1169 698 ἀπὸ
1216 647 1517 719 σκιαρᾶν
1559 647 1818 719 παγᾶν.
1871 636 1977 712 τὰς
2029 636 2228 720 πηγὰς
2280 648 2388 701 τοῦ

351 721 583 808 Ἴστρου
627 724 695 787 ἐν
720 721 1125 809 ’Ὑπερβορέοις
1170 725 1537 790 ὑποτίθεται.
1672 728 1728 791 b.
1758 723 1986 808 Ἴστρος
2025 723 2092 788 δὲ
2124 726 2390 806 ποταμὸς
2446 750 2476 794 ις

367 814 466 876 διὰ
509 819 745 878 πολλῶν
796 813 1001 876 ἐθνῶν
1040 823 1149 894 τῆς
1192 814 1498 897 Εὐρώπης
1541 824 1774 897 χωρῶν·
1845 814 1963 896 ἔχει
2014 813 2079 877 δὲ
2120 816 2226 889 τὰς
2270 837 2390 896 πη-

364 903 475 986 γὰς
518 903 585 966 ἐν
628 913 701 989 τῇ
740 913 858 966 τῶν
885 899 1286 986 ’Ὑπερβορέων
1320 904 1506 988 χώρα·
1551 900 1620 978 ὃς
1655 914 1774 966 νῦν
1810 905 2116 985 Δάνουβις
2151 903 2387 987 λέγεται.

490 1013 539 1054 ο.
585 992 820 1075 σκιερὰς
865 989 931 1054 δέ
974 1009 1126 1072 φησι
1167 992 1364 1075 πηγὰς
1407 990 1540 1072 ἤτοι
1571 992 1679 1067 τὰς
1715 994 1966 1074 βαθείας
2000 990 2041 1073 ἢ
2076 992 2183 1067 τὰς
2226 1010 2388 1057 σκια·

367 1079 613 1162 ζομένας
657 1090 729 1166 τῇ
772 1080 908 1163 περὶ
951 1080 1135 1155 αὐτὰς
1176 1090 1297 1143 τῶν
1341 1080 1556 1145 ἐλαιῶν
1599 1083 1831 1167 φυτεία.
1903 1101 1978 1146 28⁶
1993 1101 2026 1146 ε

158 1190 370 1248 Βροεο
504 1174 605 1232 27.
679 1180 918 1250 μναμα
982 1179 1119 1232 τῶν
1176 1163 1550 1257 Ὀλυμπίας
1623 1172 1926 1253 σύμβολον
1988 1169 2208 1253 στέμμα
2267 1181 2388 1234 τῶν
2415 1195 2474 1238 ιο

366 1259 541 1341 ἱερῶν
596 1257 874 1341 ἀγώνων,
942 1253 1073 1322 οἷον
1126 1253 1462 1339 Ὀλυμπίων
1513 1259 1774 1341 κότινος,
1842 1261 2104 1323 Πυθίων
2163 1260 2389 1342 δάφνη,

367 1346 617 1428 Νεμέων
653 1346 887 1410 σέλινον
922 1346 1168 1430 χλωρὸν,
1196 1344 1482 1428 Ἰσθμίων
1517 1346 1749 1411 σέλινον
1777 1349 1974 1432 ξηρόν.
2031 1367 2106 1412 88·
2121 1367 2243 1424 ουρ
2288 1371 2341 1414 85
2357 1369 2390 1414 ε

310 1458 342 1501 ι
504 1439 661 1498 288.
733 1438 961 1517 δᾶμον
1008 1433 1516 1519 Ὑπερβορέων·
1569 1436 1688 1499 ἀπὸ
1740 1435 1921 1517 ἄλλης
1973 1436 2158 1520 ἀρχῆς
2195 1482 2386 1501 .....

363 1525 655 1588 ὑπόνοιαν
700 1523 801 1612 ἔχῃ
846 1523 928 1600 ὥς
972 1531 1095 1599 τοῖς
1138 1524 1267 1588 ἅνω
1320 1524 1782 1609 συνηρτημένον.
1871 1536 2172 1607 πανταχοῦ
2219 1523 2284 1588 δὲ
2328 1527 2398 1588 οἱ

356 1610 735 1696 Ὑπερβόρεοι
770 1613 917 1696 ἱεροὶ
944 1608 1335 1688 Ἀπόλλωνος.
1393 1613 1735 1695 ἐκλήθησαν
1771 1612 1835 1676 δὲ
1860 1610 2232 1696 Ὑπερβόρεοι
2266 1612 2386 1677 ἀπὸ
2415 1639 2472 1681 15

356 1698 751 1786 ’Τπερβορέου
786 1703 949 1776 τινὸς
980 1697 1332 1784 Ἀθηναίου,
1375 1703 1458 1777 ὥς
1492 1700 1729 1784 (φησι)
1770 1703 2128 1783 Φιλόδημος.
2205 1706 2386 1766 Φιλο-

366 1789 655 1870 στέφανος
708 1789 773 1854 δὲ
826 1813 991 1866 (BHG
1015 1813 1103 1866 m,
1130 1813 1201 1864 88)
1246 1792 1350 1855 τὸν
1396 1789 1788 1875 Ὑπερβόρεον
1847 1790 2144 1854 Θεσσαλόν
2196 1809 2389 1873 φησιν

366 1873 535 1943 εἶναι.
616 1879 781 1945 ἄλλοι
824 1879 941 1944 ἀπὸ
978 1877 1377 1965 Ὑπερβορέου
1413 1886 1723 1965 Πελασγοῦ
1762 1891 1870 1945 τοῦ
1913 1879 2240 1964 Φορωνέως
2284 1881 2390 1945 καὶ

290 1979 295 1987 ’
365 1970 711 2052 Περιμήδας
756 1980 861 2052 τῆς
898 1971 1139 2034 Αἰόλου.
1213 1969 1246 2033 6
1286 1969 1350 2033 δὲ
1391 1971 1752 2051 Φανόδημος
1786 1971 1927 2045 τοὺς
1952 1967 2390 2054 Ὑπερβορέους
2457 2019 2464 2025 .

289 2070 293 2075 ’
364 2056 485 2121 ἀπὸ
541 2068 648 2122 τοῦ
709 2062 1027 2122 Τιτανικοῢ
1085 2058 1298 2142 γένους
1355 2060 1545 2140 φησιν
1603 2054 1775 2123 εἶναι.
1869 2057 1902 2122 6
1963 2056 2028 2123 δὲ
2075 2056 2388 2135 Ἑκαταῖος
2417 2086 2474 2127 8ο

298 2158 303 2162 ’
366 2169 530 2223 (rna
556 2171 735 2223 mas-1)
780 2146 967 2223 αλλως
1012 2150 1241 2232 ἱστορεῖ.
1305 2172 1359 2213 sa

155 2254 366 2315 Βοῠεο
504 2239 665 2299 281).
738 2238 965 2317 δᾶμον
1018 2234 1526 2321 ’Τπερβορέωπ
1594 2239 1803 2312 πείσας
1861 2236 1966 2300 τὸν
2029 2240 2223 2321 δῆμον
2284 2237 2390 2302 τὸν

364 2335 484 2388 τῶν
519 2323 918 2436 ’Ὑπερβορέων
955 2328 1169 2389 δοῦναι
1211 2327 1315 2389 τὸν
1358 2326 1622 2389 κότινον·
1671 2326 1830 2401 οστις
1875 2328 2064 2409 δῆμος
2104 2329 2390 2410 θεράπων

365 2408 443 2506 ᾖν
487 2426 593 2478 τοῦ
633 2410 999 2489 ’Λπόλλωνος
1041 2414 1141 2477 καὶ
1185 2415 1560 2497 θρησκευτὴς
1604 2414 1807 2478 αὐτοῦ.
1873 2438 1926 2479 25
1941 2434 2062 2491 coo
2092 2440 2143 2483 ετ
2160 2436 2191 2479 ε

158 2524 365 2581 coeno
503 2507 655 2565 280.
720 2506 946 2585 δᾶμον
973 2501 1456 2587 Τπερβορέων
1491 2504 1767 2577 πείσας·
1803 2505 1943 2578 τους
1965 2501 2386 2589 Ὑπερβορέους
2413 2529 2469 2570 25

364 2602 471 2654 τοῦ
514 2596 829 2655 Τιτανικοῦ
873 2592 1084 2675 γένους
1124 2591 1442 2674 Φερένικός
1477 2610 1668 2673 φησιν
1703 2588 1855 2655 εἶναι
1889 2594 2136 2676 γράφων
2172 2595 2385 2667 οὕτως·

511 2816 540 2865 1
577 2818 678 2864 τοῦ
704 2807 920 2879 Ἴστρου
959 2810 1053 2867 00
1171 2815 1218 2863 1.
1240 2814 1271 2862 2
1302 2805 1693 2879 ’ἀμφιτρυονος
1730 2809 1820 2863 nt
1941 2770 1978 2861 2
2017 2807 2048 2861 ὃ
2078 2805 2198 2899 *Ηρ
2238 2809 2332 2866 00
2365 2810 2390 2883 ΙΙ

366 2888 556 2951 μνῆμα
585 2881 679 2938 00
787 2887 835 2936 2.
859 2886 891 2935 3
926 2886 1003 2953 τῷ
1026 2878 1278 2953 Ὀλύμπῳ
1311 2880 1404 2937 00
1509 2886 1544 2933 4
1580 2878 1644 2951 1.]
1674 2896 1780 2933 om.
1811 2879 1850 2935 0
1885 2878 1988 2947 τήν
2015 2897 2146 2933 ποτ
2164 2882 2387 2950 Ιστρου

367 2952 409 3009 0
434 2954 453 3021 ΙΙ
479 2960 666 3022 πηγαν
706 2954 795 3008 ΒΕ
965 2959 997 3007 6
1033 2960 1228 3023 χωρῶν
1267 2951 1356 3006 00
1373 2950 1490 3007 Εο
1526 2958 1697 3021 χωρεῖ
1732 2952 1771 3006 Β
1941 2955 1992 3003 9
2010 2958 2124 3005 τῶν
2153 2949 2387 3025 ἐλαιῶν]

364 3031 477 3079 τῶν
512 3021 833 3113 δένδρων
800 3044 835 3093 η
882 3024 981 3078 καὶ
1022 3032 1135 3079 τῶν
1180 3023 1380 3079 ἐλαιῶν
1420 3024 1456 3077 0
1608 2971 1707 3076 ρ10
1740 3021 1816 3105 1.]
1853 3030 2044 3092 μνᾶμα
2080 3022 2174 3079 00

370 3101 432 3149 11
467 3091 737 3169 Ὀλυμπίᾳ
774 3094 861 3151 GE
906 3098 925 3165 ΙΙ
968 3092 1156 3149 πυθία
1194 3095 1280 3149 5¹³⁰
1391 3098 1457 3147 13
1493 3092 1598 3147 lac
1635 3092 1883 3147 indicavi
1991 3098 2058 3147 14
2095 3092 2210 3165 ἔχει
2247 3096 2279 3149 b

371 3171 463 3220 16-
458 3148 884 3236 Tneofiopoelbv:
899 3181 1027 3249 ‘ego
1054 3168 1074 3236 ΙΙ
1101 3164 1356 3235 supplevi
1380 3166 1402 3234 ss
1433 3162 1730 3234 Φανόδημο
1735 3184 1764 3227 ς
1791 3166 1824 3219 b
1849 3166 2012 3219 'recte
2123 3169 2188 3220 19
2216 3168 2340 3237 Περ
2343 3188 2392 3221 ι-

367 3235 548 3305 μήδας
589 3236 853 3291 Benseler
894 3236 956 3291 in
1000 3238 1105 3291 lex.
1152 3236 1318 3306 Papii
1365 3253 1406 3290 s.
1443 3253 1493 3289 v.
1531 3234 1850 3307 Περιμήλα,
1881 3235 2086 3293 Mffller
2119 3236 2287 3293 FHG
2321 3238 2392 3310 11,

370 3312 498 3362 387·
538 3307 855 3377 Περιμήλας
881 3310 924 3366 Α
969 3306 1288 3379 Περιμήλης
1317 3309 1386 3378 b!
1387 3272 1758 3378 ΙΦανόδημος
1783 3307 1826 3363 Α
1862 3322 2182 3376 perperam.
2225 3282 2395 3401 Φερέ-

367 3398 523 3443 νικος
571 3382 603 3435 b
641 3381 728 3450 (ex
765 3379 825 3451 V)
968 3387 1038 3434 22
1082 3380 1121 3434 l.
1158 3396 1264 3434 om.
1282 3310 1450 3439 000
1483 3380 1504 3447 ΙΙ
1531 3378 1718 3446 δῆμον
1756 3379 1797 3433 Β
1841 3379 1861 3446 ΙΙ
1913 3378 2014 3437 τὸν
2050 3380 2244 3456 δῆμον
2269 3379 2396 3437 πεί-

367 3467 469 3513 σας
516 3450 660 3519 000
837 3457 907 3505 24
951 3452 1070 3524 καὶ]
1119 3451 1182 3506 δὲ
1221 3452 1258 3506 Ε
1321 3449 1419 3505 καὶ
1461 3447 1798 3528 πρεσβευτὴς
1840 3450 1938 3503 καὶ
1985 3449 2063 3507 0”
2175 3457 2244 3505 25
2290 3455 2395 3509 δᾶ-

367 3541 473 3591 μον
512 3514 684 3578 Dflss.
699 3523 963 3650 Ε--δαῖμον
972 3526 1017 3579 Ε
1071 3525 1265 3594 δῆμον
1290 3522 1330 3578 G
1365 3523 1385 3591 ΙΙ
1411 3470 1606 3582 πείσας
1641 3522 1747 3574 om.
1788 3519 1988 3577 GDHss
2149 3529 2240 3578 26-
2256 3524 2395 3637 γρα-

368 3594 515 3665 vm]
555 3592 735 3663 γὰοΕ
