2646 3882
319 196 448 261 248
1213 195 1439 251 Scholia.

264 382 296 425 A
459 366 541 423 42
565 364 618 423 b.
684 360 798 423 ἐπὶ
843 360 1222 442 στέφανονε
1278 360 1572 441 στέφανον
1617 364 1829 444 τείχεος
1874 371 2349 444 περιφραστικῶς

319 451 385 514 τὸ
429 457 630 532 τεῖχος.

160 560 329 616 aceo
467 544 620 601 420.
685 538 800 601 ἐπὶ
859 538 1216 619 στέφανον
1269 542 1535 615 τεῦξαιε
1580 550 1982 622 μεταφορικῶς
2026 538 2090 601 τὸ
2136 546 2347 621 τεῖχος’

327 626 622 707 στέφανος
665 628 778 711 γὰρ
824 628 1019 710 ὥσπερ
1064 638 1181 691 τῶν
1225 630 1451 691 πόλεων
1502 628 1573 691 τὰ
1616 630 1789 710 τείχη.
1878 628 1980 691 καὶ
2016 622 2351 711 Ἀνακρέων

325 712 425 802 (fr.
474 716 610 796 72)·
658 728 774 780 νῦν
821 713 875 778 δ’
917 716 1033 779 ἀπὸ
1081 715 1188 798 μὲν
1234 718 1458 791 πόλεως
1503 716 1791 796 στέφανος
1837 716 2065 781 όλωλεν.
2406 738 2433 777 5

177 825 299 881 BEQ
463 810 620 868 442.
685 800 773 886 ἦν
820 806 926 868 ὅτι
970 830 1087 867 νιν
1132 805 1622 889 πεπρωμένον;
1676 806 1851 886 αὐτὸ,
1894 806 1959 868 τὸ
2004 813 2206 887 τεῖχος.

133 913 299 969 Boeo
326 896 382 955 b.
434 888 599 958 οὗτοι
646 890 767 977 [δὲ]
813 894 1101 978 συνεργὸν
1148 897 1375 959 εἴλοντο
1424 895 1529 957 τὸν
1573 894 1827 975 Αἰακὸν,
1876 894 2077 974 ἐπειδὴ
2123 888 2200 976 ἦν
2245 895 2349 957 αὖ·

325 990 406 1070 τῷ
451 982 868 1066 πεπρωμένον,
922 990 1002 1069 τῷ
1055 986 1254 1065 τείχει,
1308 982 1566 1065 πολέμου
1611 982 1932 1066 γενομένου
1988 982 2135 1097 πυρὶ
2177 1006 2351 1045 κατα-

331 1078 664 1155 φλεχθῆναι
709 1078 925 1187 πολλῷ.
998 1072 1070 1135 οὐ
1115 1071 1226 1155 γὰρ
1271 1066 1350 1154 ἦν
1398 1072 1654 1135 δυνατὸν
1700 1070 1923 1135 ἁλῶναι
1968 1072 2146 1152 αὐτὸ,
2190 1073 2245 1134 εἰ
2286 1072 2351 1134 τὸ

134 1180 376 1237 momen
413 1172 536 1223 πᾶν
573 1155 818 1243 ἔργον
781 1186 860 1243 ην
897 1167 1078 1223 θεῶν.
1207 1183 1255 1223 ο.
1292 1159 1507 1235 ἄλλως·
1549 1185 1639 1223 οτι
1672 1161 1939 1243 πέπρωτο
1977 1162 2351 1243 δορυάλωτον
2382 1181 2435 1221 ιο

333 1249 662 1333 γενομένην
706 1250 815 1329 τὴν
861 1250 1032 1312 πόλιν
1077 1251 1298 1330 ταύτην
1344 1250 1807 1332 έμπυρισθῆναι,
1854 1248 1951 1312 διὰ
1991 1250 2163 1313 τοῦτό
2202 1268 2352 1329 φησι

327 1339 430 1401 τὸν
475 1340 826 1401 Ποσειδῶνα
879 1338 979 1401 καὶ
1031 1339 1134 1401 τὸν
1181 1335 1523 1401 Ἀπόλλωνα
1574 1339 1657 1412 εἰς
1718 1338 1828 1417 τὴν
1873 1349 1979 1419 τῆς
2017 1333 2195 1401 Ἰλίου
2242 1339 2353 1400 τεί-

329 1446 483 1508 χισιν
536 1430 890 1509 προσλαβεῖν
946 1427 1049 1489 τὸν
1104 1427 1367 1507 Αἰακὸν,
1426 1426 1525 1489 διὰ
1578 1438 1684 1490 τοῦ
1739 1420 1845 1489 ὑπ’
1887 1428 2071 1489 αὐτοῦ
2118 1428 2352 1489 οἰκοδο-

329 1514 626 1596 μηθέντος
679 1517 778 1577 ἴνα
831 1514 1123 1617 ἁλώσιμος
1175 1516 1413 1599 γένηται
1466 1515 1566 1579 καὶ
1625 1515 1707 1597 μὴ
1764 1514 1863 1578 διὰ
1923 1527 2027 1579 τοῦ
2075 1516 2190 1578 ὑπὸ
2234 1525 2354 1577 τῶν

333 1612 512 1667 θεῶν.
2385 1626 2437 1665 15

276 1712 307 1755 A
470 1693 630 1752 44d.
699 1692 1190 1775 πεπρωμένον.
1255 1694 1344 1754 ὅτι
1407 1692 1793 1776 πεπρωμένον
1860 1686 1933 1775 ἦν
1998 1693 2353 1775 δοριάλωτον

332 1787 688 1863 γενηθεῖσαν
755 1782 864 1861 τὴν
913 1780 1098 1844 Ἴλιον
1160 1776 1626 1864 έμπυρισθῆναι·
1692 1782 1850 1856 ὅπως
1912 1782 2059 1844 κατὰ
2122 1781 2187 1843 τὸ
2248 1790 2356 1843 τοῦ

334 1871 568 1948 Αἰακοῦ
615 1870 784 1954 ἔργον
829 1868 990 1958 ἁλῴη
1035 1870 1100 1933 τὸ
1146 1877 1352 1952 τεῖχος,
1395 1870 1496 1933 καὶ
1541 1870 1620 1952 μὴ
1665 1870 1811 1932 κατὰ
1856 1870 1921 1933 τὸ
1964 1881 2083 1933 τῶν
2128 1876 2306 1933 θεῶν.

275 1980 308 2036 ο
472 1964 574 2022 47.
639 1962 902 2042 λάβρον
966 1960 1370 2042 ἀμπνεῦσαι
1433 1961 1734 2023 καπνόνε
1808 1959 1939 2024 ἀντὶ
2002 1971 2108 2022 τοῦ
2171 1959 2355 2041 έμπυ-

336 2056 636 2134 ρισθῆναι.
2386 2071 2443 2110 20

278 2159 310 2202 A
471 2141 628 2200 48a.
702 2139 999 2221 γλαυκοὶ
1064 2137 1134 2200 δὲ
1199 2140 1605 2221 δράκοντεςε
1681 2091 2087 2218 ἀκαταλλήλως
2159 2131 2350 2199 εἶπεν·

337 2227 454 2289 ἔδει
506 2227 618 2340 γὰρ
672 2228 881 2289 εἰπεῖν·
936 2227 1342 2309 γλαυκοτέρων
1398 2226 1462 2289 δὲ
1518 2227 1861 2310 δρακόντων
1906 2225 2351 2307 εἰσαλλομένων,

338 2319 401 2378 οῖ
439 2314 497 2397 β’
540 2316 815 2396 κάπετον,
860 2311 943 2391 εἷς
988 2314 1051 2379 δὲ
1098 2314 1306 2398 ορουσε
1352 2317 1590 2397 βοήσας.
1685 2315 1751 2378 τὸ
1795 2315 1860 2378 δὲ
1908 2325 2098 2398 σχῆμα
2144 2315 2351 2393 ὅμοιον

336 2412 442 2492 τῷ·
491 2408 554 2468 οἱ
594 2404 657 2467 δὲ
704 2407 814 2468 δύο
861 2405 1134 2467 σκόπελοι
1181 2399 1250 2488 (μ
1292 2400 1421 2489 73).

131 2513 338 2569 Βουεο
476 2495 634 2555 4810.
698 2493 996 2608 γλαυκοὶ
1056 2492 1127 2556 δὲ
1188 2495 1597 2575 δράκοντεςι
1656 2494 1920 2575 φοβεροί.
2089 2514 2137 2555 ο.
2198 2489 2231 2554 ὀ
2293 2489 2356 2552 δὲ
2388 2515 2445 2555 25

341 2593 513 2655 νοῦς·
561 2581 762 2661 ἐπειδὴ
811 2574 924 2645 οὖν
970 2605 1108 2645 ποτε
1145 2581 1389 2662 ἐκτίσθη
1426 2583 1490 2644 τὸ
1526 2590 1733 2664 τεῖχος,
1778 2581 2003 2656 εὐθέως
2038 2581 2139 2644 καὶ
2174 2604 2357 2662 παρα-

485 2795 551 2843 23
589 2788 744 2843 Euat.
785 2787 886 2842 Od.
919 2793 1071 2854 1713,
1093 2793 1160 2842 52

487 3010 518 3057 3
559 3001 932 3073 ἐπιστέφανον
972 3003 1178 3092 nem)
1190 3005 1209 3072 ΙΙ
1243 3002 1306 3057 τὸ
1343 3003 1545 3074 τεῖχος]
1579 3002 1681 3067 τὰς
1708 3001 1911 3092 ἐξοχὰς
1945 3010 2045 3057 τοῦ
2080 2998 2294 3072 τείχους
2322 3000 2360 3057 G

486 3081 520 3127 4
559 3073 830 3144 στέφανοι
868 3074 949 3130 (lv
1006 3073 1252 3144 στεφάνη
1291 3074 1329 3130 G
1456 3079 1487 3128 5
1526 3083 1631 3130 νῦν
1670 3071 1725 3129 δ’
1769 3091 1875 3127 om.
1915 3073 1952 3129 G
2072 3077 2103 3126 6
2141 3091 2363 3140 πεπρω-

344 3145 515 3215 μένον
553 3096 742 3202 0111.φο
894 3151 924 3199 7
963 3147 1026 3200 δὲ
1065 3145 1224 3201 Βῦνε
1265 3162 1371 3199 om.
1405 3147 1441 3200 Ε
1495 3144 1601 3216 γὰρ
1570 3148 1687 3214 ρ.[)
1746 3144 1959 3199 Seclusi
2111 3149 2144 3196 8
2181 3163 2361 3213 γινομ.

531 3221 598 3270 10
635 3225 746 3270 τῶν
781 3220 937 3272 θεῶν
977 3216 1160 3286 001111
1193 3215 1483 3285 πέπρωται
1520 3216 1663 3273 GDss
1700 3219 1709 3287 Ι
1755 3214 2095 3285 δοριάλωτον
2134 3216 2221 3269 Β”’ο

348 3292 413 3340 11
452 3288 662 3356 ταύτην
696 3286 799 3356 τὴν
835 3307 892 3342 π.
936 3287 1029 3344 Dss
1071 3290 1090 3357 ΙΙ
1136 3305 1275 3357 φησι
1314 3290 1431 3344 BD:
1472 3305 1611 3356 φασι
1650 3290 1686 3343 Ε
1926 3292 2097 3341 1213
2132 3281 2364 3355 τείχισιν

350 3356 517 3413 BGss:
564 3354 807 3427 τείχησιν
847 3361 977 3415 ΒΕν
1160 3365 1224 3412 13
1270 3358 1369 3415 τὸν
1404 3358 1623 3414 Αἰακὸν
1664 3358 1769 3414 (lv.
1816 3359 1913 3411 καὶ
1957 3356 2056 3413 τὸν
2102 3356 2189 3410 Αἰ.
2229 3355 2362 3426 (0)Ι)

349 3445 456 3482 om.
497 3428 586 3483 ΒΕ
761 3434 825 3482 14
863 3428 935 3498 μὴ
975 3447 1081 3482 om.
1124 3431 1159 3484 Ε
1333 3435 1398 3484 16
1436 3429 1499 3501 1.]
1538 3425 1866 3518 πεπρωμένη
1906 3435 1994 3497 (πε
2032 3428 2160 3482 add.
2198 3445 2253 3496 p.
2294 3429 2364 3498 c.)

493 3503 558 3551 22
597 3497 661 3553 ft.
701 3501 1042 3568 γλαυκωπῶν
1069 3502 1088 3569 ΙΙ
1117 3499 1195 3563 εἰς
1232 3501 1417 3570 ἀλλομ.
1564 3507 1630 3554 23
1672 3497 1866 3566 ὄρουσε
1930 3515 1988 3552 σε
2026 3515 2094 3553 ex
2132 3514 2268 3552 corr.

351 3575 417 3623 25
457 3567 690 3640 φοβεροί
727 3587 831 3622 om.
872 3569 960 3625 GD
989 3573 1007 3640 ΙΙ
1036 3571 1099 3625 δὲ
1135 3587 1241 3625 om.
1283 3574 1320 3626 D
1380 3571 1409 3626 ὁ
1449 3570 1511 3626 δὲ
1549 3579 1682 3633 νοῦς
1718 3587 1823 3624 om.
