2646 3882
1149 236 1453 292 Praefatio
2200 239 2328 292 XIX

295 417 336 465 a·
377 405 858 482 paraphrasibus'
893 409 954 465 et
997 405 1288 482 historiiS‚
1335 425 1486 482 quae
1532 407 1810 465 lemmate
1857 407 1981 466 fere
2026 407 2325 482 carebant,

291 495 560 570 itemque
605 514 641 553 a
685 495 900 572 glossis
944 494 1353 572 brevibusque·
1399 495 1881 554 adnotationibus
1926 497 2326 555 interlineari-.

288 585 404 644 bus
449 585 546 643 vel
590 585 1198 662 intramarginalibus·
1234 585 1598 662 distinguere
1624 603 1809 685 ’saepe
1853 584 2023 660 licet3
2070 585 2324 661 denique

291 673 521 733 scholia
573 675 907 732 recentiora
961 676 1022 732 et
1078 693 1230 748 quae
1295 693 1365 732 ex
1418 672 1755 733 recensione
1809 673 2205 734 Ambrosiana
2258 677 2325 733 in

291 761 585 838 quosdam
623 762 851 822 codices
880 763 1206 823 Vaticanus
1240 762 1551 822 translata
1570 765 1711 822 sunt
1746 781 1921 864 saepe
1957 764 2103 838 ipso·
2118 763 2323 822 ordine

291 853 644 930 arguuntur.
734 850 913 910 Haec
955 855 1155 911 omnia
1207 853 1371 927 typis
1429 851 1769 926 exprimere,
1814 853 1878 910 in
1934 871 2004 911 ea
2061 871 2325 927 praeser-

287 942 403 998 tim
452 939 714 999 editione
758 940 824 998 in
871 959 989 1015 qua
1034 939 1178 1000 ordo
1225 941 1585 1000 scholiorum
1621 959 1895 1000 numeros
1941 959 2220 999 versuum
2265 944 2326 1000 et

288 1029 562 1088 ordinem
614 1030 964 1088 lemmatum
1017 1030 1347 1089 necessario
1404 1031 1714 1105 sequatur,
1770 1029 2043 1089 infinitae
2088 1030 2325 1089 dubita-

286 1117 475 1177 tionis
522 1136 672 1193 opus
709 1113 946 1193 fuisset3
993 1119 1096 1177 sed
1131 1121 1338 1177 tamen
1372 1118 1709 1193 ubicunque
1746 1118 1941 1178 01·ᾶο
1923 1139 1988 1177 111
2026 1118 2323 1179 codicibus

285 1207 572 1266 turbatus
619 1209 782 1266 certa
828 1208 1115 1282 antiquae
1161 1208 1389 1267 formae
1430 1207 1609 1284 signa
1653 1207 1979 1285 praebebat
2020 1209 2083 1266 et
2127 1207 2323 1283 dispo-

284 1296 481 1354 nendi
519 1297 789 1372 aliquam
829 1296 1170 1356 libertatem
1215 1296 1592 1372 relinquebat
1638 1289 1806 1377 (nam
1851 1297 2120 1373 alioquin
2165 1297 2323 1355 codi-

285 1403 426 1444 cum
473 1385 619 1444 ordo
668 1403 802 1444 cum
844 1386 1076 1445 ratione
1121 1386 1298 1444 huius
1346 1386 1623 1445 editionis
1661 1388 2030 1445 consentiens
2076 1405 2321 1462 sequen-

287 1474 402 1533 dus
431 1466 611 1555 erat),
648 1475 842 1549 primo
870 1475 999 1534 1000
1037 1477 1242 1535 vetera
1281 1495 1434 1550 quae
1462 1476 1593 1534 visa
1630 1477 1802 1534 erant
1829 1475 2055 1536 scholia
2082 1467 2323 1556 (glossis

280 1563 396 1621 illa
445 1563 686 1638 quidem
742 1582 917 1640 saepe
971 1555 1393 1646 interspersa),
1449 1567 1645 1623 cetera
1706 1564 2117 1624 additamenta
2161 1564 2325 1623 dein-

289 1670 429 1728 ceps
475 1655 770 1728 quantum
813 1652 943 1710 fieri
989 1656 1189 1728 potuit
1235 1654 1540 1713 collocavi.

420 1741 645 1800 Edita
699 1745 841 1800 sunt
898 1743 1046 1801 haec
1101 1743 1333 1802 scholia.
1380 1743 1641 1819 primum
1678 1742 1919 1802 Romae
1964 1761 2015 1800 a.
2059 1742 2227 1801 1515
2287 1761 2331 1800 a

286 1826 580 1889 Zacharia
619 1829 990 1909 Galliergo
1030 1830 1299 1890 Cretensi
1329 1824 1438 1912 (r).
1511 1831 1572 1890 Is
1609 1831 1673 1888 in
1700 1826 2075 1907 scholiis'pro
2105 1831 2317 1890 funda·
2339 1853 2368 1894 ι·

284 1921 488 1978 mento
537 1919 816 1979 editionis
862 1920 1140 1981 habuisse
1176 1921 1417 1981 videtur
1462 1921 1720 1981 codicem
1758 1920 1828 1996 Β,
1874 1921 1978 1981 sed
2020 1924 2090 1981 ut
2136 1922 2319 1980 etiam

284 2026 357 2065 ex
403 2008 540 2067 aliis
589 2009 886 2069 codicibus
945 2003 1092 2091 (non
1139 2030 1208 2069 ex
1255 2011 1381 2070 solo
1426 2010 1513 2086 H,
1568 2014 1639 2069 ut
1692 2010 1947 2086 putabat
1990 2010 2328 2071 Mommsen.

280 2098 470 2173 praef.
511 2098 600 2156 ed.
629 2101 766 2158 mai.
805 2120 868 2175 p.
892 2099 1005 2157 XV
1041 2103 1163 2158 not.
1207 2102 1288 2160 16
1330 2103 1391 2158 et
1426 2100 1618 2176 suppl.
1666 2120 1723 2175 p.
1768 2091 1879 2182 96)
1926 2102 2057 2158 tota
2094 2100 2321 2159 scholia

282 2188 345 2244 et
379 2186 666 2246 lectiones
705 2207 742 2247 a
777 2187 828 2245 B
867 2188 1269 2264 discrepantes
1306 2191 1613 2264 reciperet.
1688 2189 1835 2247 Eius
1872 2191 2101 2247 textum
2130 2189 2323 2247 secuti

282 2276 424 2333 sunt
486 2275 742 2335 editores
807 2279 1161 2353 posteriores
1226 2296 1415 2353 usque
1480 2277 1557 2336 ad
1611 2276 2005 2351 Boeckhium3
2071 2295 2326 2353 quorum

281 2381 640 2423 consensum
700 2364 904 2424 littera
962 2384 1008 2425 v
1063 2367 1316 2444 signavi.
1394 2365 1638 2427 'Paucas
1702 2384 1887 2425 novas
1950 2365 2232 2424 lectiones
2290 2381 2381 2425 ev

281 2451 483 2511 codice
539 2453 742 2513 nescio
794 2473 913 2529 quo
959 2456 1182 2531 petitas
1217 2455 1487 2531 praebet
1538 2474 1749 2531 margo
1810 2454 2089 2514 editionis
2143 2455 2319 2513 Bru·

277 2540 686 2601 bachianae
734 2536 1143 2625 (Francofurti
1193 2537 1425 2625 1542)3
1485 2546 1669 2605 etiam
1721 2546 2005 2620 pauciora
2059 2562 2321 2603 correxe-

277 2634 424 2689 runt
469 2630 734 2691 editores
776 2630 1219 2693 Oxonienses
1269 2624 1521 2715 (1697).
1618 2634 1855 2693 Primus
1902 2631 1974 2694 D.
2012 2633 2327 2693 Beckius

279 2719 344 2777 in
379 2718 645 2779 editione
680 2720 923 2796 Lipsiae
971 2743 1022 2782 a.
1066 2725 1234 2782 1792
1277 2725 1493 2782 emissa
1530 2726 1590 2781 et
1631 2723 1977 2781 editionem.
1988 2723 2320 2823 principem

285 2808 610 2887 diligenter
656 2812 911 2871 excussit
955 2814 1016 2871 et
1050 2812 1213 2870 haud
1257 2830 1449 2887 pauca
1496 2831 1566 2869 ex
1611 2813 1849 2888 ingenio
1896 2830 2001 2871 suo
2049 2812 2317 2871 correxit.

276 2896 346 2955 In
384 2897 629 2957 scholiis
665 2902 932 2959 metricis
968 2901 1351 2960 emendandis
1389 2901 1609 2960 Beckio
1645 2902 1944 2976 praeierat
1979 2900 2027 2959 P
2042 2902 2317 2960 auwius

275 2986 452 3047 Notis
497 2990 564 3045 in
611 2986 938 3048 Pindarum
985 2981 1305 3070 (Trajecti
1323 2989 1401 3048 ad
1439 2989 1551 3048 Rh.
1597 2982 1813 3070 1747)
1888 2990 2097 3049 Beckii
2132 2991 2316 3049 editio

279 3076 642 3135 scholiorum
667 3077 1122 3138 fundamentum
1149 3079 1269 3137 fuit
1293 3078 1719 3154 Heynianae
1759 3070 1861 3161 (h)
1893 3079 2069 3139 alteri
2094 3081 2309 3138 maiori
2340 3088 2370 3141 h
2402 3140 2405 3143 ,

275 3155 354 3244 (a.
399 3157 624 3247 1798),
667 3167 736 3224 111
783 3186 962 3242 quam
996 3169 1256 3243 primum
1296 3167 1524 3227 scholia
1568 3169 1818 3243 recepitz,
1865 3168 1967 3226 sed
2002 3170 2311 3242 praeterea

273 3252 544 3329 Heynius
574 3254 834 3313 codicem
857 3255 1308 3333 Gottingensem
1336 3258 1564 3333 passim
1590 3258 1853 3332 inspexit
1863 3248 1941 3337 ²⁸⁸).
2002 3258 2307 3316 Postremo

273 3340 682 3403 Boeckhius
722 3345 1021 3405 codicibus
1051 3344 1433 3423 Gottingensi
1472 3348 1533 3405 et
1559 3345 2129 3405 Vratislaviensibus
2165 3363 2307 3403 usus

409 3550 457 3621 ‘)
493 3549 644 3605 Usus
697 3567 822 3603 sum
878 3550 1130 3605 editione
1180 3550 1481 3619 Heyniana
1534 3548 1816 3617 Lipsiensi
1864 3564 1915 3601 a.
1959 3553 2113 3613 1817,
2167 3560 2311 3612 quae

275 3622 537 3690 repetitio
575 3622 666 3677 est
699 3622 787 3675 ed.
827 3620 1214 3689 Gottingensis
1253 3622 1487 3685 alterius
1527 3622 1731 3689 (1798).

1916 3706 1995 3760 b·
