2646 3882
1161 239 1446 310 Olymp.1
2221 240 2305 306 13

408 416 515 486 τῆς
575 404 638 467 δὲ
706 405 941 493 {agnava
1003 407 1212 468 κώλων
1275 402 1361 488 ιγ’
1413 406 1479 468 τὸ
1534 403 1600 468 α’
1658 406 1967 489 τροχαϊκὸν
2032 407 2303 488 δίμετρον

269 492 476 575 (dm)
521 495 741 576 ἰάμβου
787 469 1007 575 ὁμοίως
1042 501 1122 580 τῷ
1161 490 1208 556 ι’
1243 505 1348 575 τῆς
1386 504 1664 576 στροφῆς.
1797 495 1862 558 τὸ
1899 493 1965 577 β’
2000 499 2305 577 χοριαμβι-

266 583 378 646 κὸν
405 585 681 664 δίμετρον
707 583 1234 665 ὑπερκατάληκτον.
1370 583 1436 646 τὸ
1460 609 1499 666 γ
1506 581 2004 647 ’άντισπαστικὸν
2033 586 2305 666 δίμετρον

261 673 783 754 »ὑπερκατάληκτον
809 673 1118 755 τροχαικὸν
1144 671 1598 755 πενθημιμερές.
1734 672 1799 735 τὸ
1839 667 1900 734 δ’
1928 671 1993 735 ἐκ
2028 673 2304 754 διμέτρου

213 783 240 824 5
261 762 842 843 βραχυκαταλήκτον.
976 762 1042 824 τὸ
1079 759 1136 824 ε’
1171 761 1490 824 ἔπιωνικὸν
1524 763 1827 843 τρίμετρον
1862 763 2305 842 καταληκτικὸν,

265 847 390 931 <ὃ>
433 850 536 912 καὶ
577 853 950 912 Φαλαίκειον.
1083 851 1148 913 τὸ
1197 849 1260 917 ς’
1298 850 1753 914 ἀντισπαστικὸν
1788 852 2092 932 τρίμετρον
2127 875 2304 913 κατα-
2364 904 2367 906 .

267 940 565 1020 ληκτικόν.
698 939 764 1001 τὸ
793 937 848 1013 ζ’
878 963 1086 1020 ομοιον
1120 963 1230 1053 τροε
1237 939 1401 1002 Sum
1526 941 1591 1003 τὸ
1618 964 1659 1020 η
1668 939 1993 1020 ’ἰαμβικὸν
2028 940 2303 1021 δίμετρον

263 1029 839 1110 βραχυκατάληκτον.
991 1029 1058 1091 τὸ
1101 1035 1152 1090 θ
1213 1003 1700 1107 Ἱππωνάκτειον,
1745 1028 1987 1091 ἰωνικὸν
2032 1029 2303 1110 δίμετρον

265 1118 837 1199 βραχυκατάληκτον.
981 1117 1046 1180 τὸ
1084 1113 1133 1179 ι’
1169 1117 1380 1198 ὅμοιον
1415 1123 1495 1203 τῷ
1534 1113 1786 1201 (Archil.
1834 1120 1905 1178 fir.
1938 1121 2039 1195 94,
2069 1111 2167 1200 2),
2212 1119 2302 1191 τίς

187 1227 240 1268 ιο
267 1206 378 1279 σὰς
416 1206 695 1288 παρήειρε
732 1205 984 1288 φρένας;
1131 1206 1196 1269 τὸ
1233 1204 1322 1268 ια’
1358 1207 1599 1269 ἰωνικὸν
1634 1207 2041 1288 παροξύτονον
2086 1204 2301 1268 ἀκατά-

263 1300 500 1375 ληκτον.
628 1295 692 1358 τὸ
729 1293 817 1376 ιβ’
844 1294 1243 1378 προσοδιακὸν
1279 1295 1341 1370 ἐξ
1370 1294 1763 1358 ἀντισπάστου
1791 1295 1890 1357 καὶ
1918 1296 2165 1358 ἰωνικοῦ
2196 1344 2209 1357 .
2241 1342 2254 1356 .
2284 1343 2299 1356 .

259 1383 326 1445 τὸ
376 1379 464 1465 ιγ’
507 1384 890 1465 χοριαμβικὸν
939 1385 1209 1464 δίμετρον
1255 1385 1697 1464 καταληκτικόν.

394 1472 462 1534 τὸ
499 1469 564 1533 α’
600 1471 1053 1535 ἀντισπαστικὸν
1079 1474 1354 1555 δίμετρον
1386 1473 1787 1553 ἀκατάληκτον
1814 1474 2209 1536 Πυκώνειον.
2330 1499 2405 1555 pq

257 1559 325 1623 ’τὸ
346 1559 737 1644 β’τροχαικὸν
757 1563 1028 1643 δίμετρον
1046 1563 1595 1644 βραχυκατάληκτον
1617 1563 2033 1641 ἰθυφαλλικόν.
2147 1562 2211 1625 τὸ
2234 1558 2302 1644 γ’

185 1671 236 1711 15
261 1650 648 1731 χοριαμβικὸν
694 1651 966 1732 δίμετρον
1009 1651 1434 1731 καταληκτικὸν
1479 1653 1909 1732 περαιούμενον
1964 1653 2050 1726 εἰς
2104 1653 2303 1734 ἰαμβι-

263 1738 380 1818 κὴν
439 1737 480 1820 ἢ
539 1741 818 1821 βακχείαν
861 1741 1208 1802 κατακλεῖδα
1254 1739 1402 1802 κατὰ
1456 1739 1565 1818 τὴν
1619 1741 1967 1818 παράδοσιν.
2126 1740 2191 1803 τὸ
2237 1736 2300 1801 δ’

265 1826 691 1890 ἀναπαιστικὸν
705 1829 1024 1940 Ἡδίμετρον
1033 1829 1486 1908 καταληκτικὸν,
1532 1828 1596 1890 τὸ
1634 1828 1948 1910 λεγόμενον
1966 1851 2300 1943 *παροιμια-

263 1917 388 1980 κόν.
525 1916 589 1980 τὸ
619 1912 673 1979 ε’
702 1916 909 1998 ομοιον
945 1924 1026 2004 τῷ
1063 1916 1333 2005 δευτέρω.
1471 1917 1532 1981 τὸ
1572 1914 1635 1986 ς’
1672 1918 1881 1999 ὅμοιον
1916 1924 1997 2004 τῷ
2033 1918 2212 2004 αὐτῷ.

265 2006 328 2068 τὸ
375 2000 436 2080 ζ’
475 2008 785 2089 τροχαιιιὸν
831 2008 1102 2087 δίμετρον
1145 2007 1597 2087 καταληπτικὸν,
1652 2008 2041 2089 Εὐριπίδειον
2095 2006 2136 2088 ἢ
2195 2013 2299 2087 λη

188 2116 241 2157 2⁰
265 2096 506 2158 κύθιον.
616 2096 679 2157 τὸ
701 2120 740 2175 η
751 2093 1087 2178 ’τροχαικὸν
1110 2096 1475 2177 μονόμετρον
1500 2096 2029 2178 ὑπερκατάληκτον.
2128 2096 2193 2158 τὸ
2222 2091 2300 2158 θ’

413 2344 442 2391 1
482 2338 724 2428 ἐπῳδῆςε
765 2339 796 2393 h
843 2340 861 2405 ΙΙ
915 2336 1198 2409 δίμετρον]
1237 2336 1498 2407 δίμετρον
1534 2337 1833 2407 τροχαικὸν
1871 2338 1961 2393 Αω
2106 2342 2137 2389 2
2185 2337 2298 2391 ἀπὸ

269 2410 396 2464 add.
441 2412 472 2465 h
518 2412 537 2479 ΙΙ
583 2408 789 2479 ἰάμβου
829 2425 962 2479 ego·
1001 2410 1264 2479 ἰαμβικοῦ
1302 2411 1347 2465 Α
1420 2408 1682 2490 ἰαμβικὸν
1724 2410 1758 2464 Ε
1804 2411 1823 2477 Η
1869 2406 2064 2478 ὅμοιον
2102 2409 2167 2464 Α·
2177 2416 2202 2463 ⁶?

269 2486 302 2534 3
346 2480 754 2549 καταληκτικόν
801 2480 963 2535 scrib.
1002 2480 1112 2534 vid.
1155 2482 1306 2550 (post
1342 2479 1544 2549 λάμπει
1581 2478 1708 2533 dist.
1749 2479 1812 2550 Α)
1875 2430 1939 2549 Hp
1957 2480 2299 2561 antispasbos

266 2569 378 2606 non
415 2568 690 2621 agnosco,
736 2552 846 2605 nisi
881 2552 945 2604 in
979 2549 1138 2615 κλέος
1175 2551 1454 2620 synizesin
1492 2550 1760 2605 admittas
1904 2558 1939 2604 4
1986 2551 2147 2605 scrib.
2186 2549 2297 2605 vid.

265 2622 330 2677 τὸ
365 2622 427 2677 δ’
466 2642 498 2676 τ
500 2641 615 2693 ρ.οχ
654 2626 821 2677 πενθ.
862 2623 924 2677 ἐκ
960 2624 1074 2691 διμ.
1113 2622 1469 2745 <ἰαμβικοῦ>
1507 2624 1735 2711 βραχυκ.
1883 2628 1915 2676 5
1952 2622 2297 2678 καταπτικὸν

269 2696 305 2749 E
449 2698 483 2747 6
500 2644 552 2749 ρὸ
591 2693 790 2747 addidi
926 2698 955 2746 7
1005 2692 1108 2747 col.
1147 2692 1198 2759 ζ’
1227 2710 1342 2748 ιιοιι
1380 2695 1467 2748 est
1501 2710 1606 2764 par
1642 2692 1699 2753 ς’
1848 2698 1880 2747 8
1918 2695 2154 2755 ἰωνικῶς
2192 2695 2228 2748 E

271 2771 335 2819 10
371 2764 782 2834 παροξύτονον
797 2764 1141 2831 inauditum3
1191 2762 1718 2833 παρατετηρημένον
1758 2763 1799 2821 (1
1980 2771 2042 2819 11
2095 2782 2300 2833 προσο-

267 2837 452 2892 δικὸνι
491 2854 597 2906 ego
624 2839 645 2906 ΙΙ
670 2836 776 2890 lac.
806 2835 1052 2890 indicavi
1199 2841 1263 2889 13
1285 2854 1405 2905 sqq.
1444 2835 1542 2890 cfr.
1581 2835 1807 2890 Tzetzes
1845 2836 1915 2890 de
1950 2838 2108 2889 metr.
2137 2836 2298 2891 Pind.

266 2908 496 2962 Trichas
535 2908 606 2961 de
641 2907 835 2961 metus
862 2924 917 2976 Ρ.
949 2913 1016 2961 52
1037 2924 1156 2977 sqq.
1195 2911 1344 2977 (cum
1375 2910 1413 2962 Ρ
1437 2907 1555 2961 fere
1548 2907 1879 2997 consentit)
2030 2912 2096 2960 13
2136 2904 2166 2961 ὃ
2204 2908 2301 2961 καὶ

268 2981 618 3035 Πυκώνειον
647 2978 760 3033 ἀπὸ
797 2978 1093 3041 Γλύκωνος
1121 2980 1158 3033 Ρ
1195 2978 1331 3050 (Tz.)
1442 2983 1509 3030 14
1548 2976 1576 3032 ὃ
1615 2979 1712 3031 καὶ
1749 2979 1913 3047 ὺθυφ.
1956 2980 1993 3033 Ρ
2100 2983 2168 3031 15
2204 2998 2301 3033 πε-

137 3104 152 3111 ,
268 3050 683 3119 ραιούμενον-
698 3056 762 3104 16
791 3048 1111 3116 παράδοσιν
1140 3066 1246 3103 οιιι.
1272 3051 1310 3104 Ρ
1421 3054 1485 3104 17
1514 3049 1576 3103 τὸ
1605 3052 1712 3117 λεγ.
1736 3048 1801 3104 ss:
1830 2998 1897 3105 ὃφ
1889 3050 1986 3103 καὶ
2016 3051 2053 3104 Ρ
2079 3051 2098 3118 ΙΙ
2126 3047 2213 3103 ὅτι
2240 3048 2301 3103 αἱ

265 3119 564 3191 παροιμίαι
594 3121 655 3176 ἐν
673 3120 907 3193 τοιούτῳ
935 3118 1112 3193 μέτρῳ
1142 3119 1457 3211 ἐγράφοντο
1478 3120 1605 3173 add.
1631 3121 1667 3174 Ρ
1688 3120 1846 3190 (Tz);
1877 3120 1973 3174 cfr.
1994 3120 2298 3189 Hephaest.

267 3198 417 3262 Ρ.27
448 3192 540 3246 W.
691 3197 756 3247 18
795 3176 1036 3264 δευτέρῳ
1096 3190 1240 3261 πλὴν
1276 3192 1377 3247 τὸν
1416 3190 1693 3247 δάκτυλον
1728 3192 1827 3245 καὶ
1864 3190 1925 3245 ἐν
1959 3199 2027 3261 τῇ
2066 3190 2301 3280 δευτέρᾳ

268 3265 361 3318 καὶ
397 3265 461 3319 ἐν
496 3271 565 3335 τῇ
602 3261 760 3335 τρίτῃ
796 3212 988 3337 χώρᾳρ
989 3278 1023 3315 a
1065 3263 1118 3315 (1.
1151 3265 1188 3318 Ρ
1224 3264 1350 3333 (οὐκ
1389 3262 1450 3317 ἐν
1487 3259 1721 3337 δευτέρᾳ
1755 3264 1867 3351 χώρ
1871 3282 1933 3337 α,
1971 3259 2093 3316 ἀλλ’
2136 3262 2197 3317 ἐν
2231 3270 2299 3353 τῇ

268 3333 420 3409 τρίτῃ
458 3334 575 3404 Tz.)
621 3338 640 3403 ΙΙ
683 3340 759 3408 τῷ
789 3316 934 3407 αὐτᾷ.
969 3351 1074 3389 om.
1109 3336 1146 3389 Ρ
1291 3338 1357 3386 19
1397 3331 1427 3388 ὃ
1465 3334 1563 3387 καὶ
1599 3316 1966 3401 Εὐριπίδειον
2002 3333 2101 3386 καὶ
2134 3333 2301 3403 ληκύ-

271 3409 406 3460 θιον
453 3407 530 3469 ὡς
574 3407 636 3461 ἐκ
682 3414 784 3461 τοῦ
819 3389 1113 3475 ληκυθίου.
1187 3404 1253 3459 τὸ
1299 3404 1407 3473 γὰρ
1451 3404 1726 3495 ληκύθιον
1772 3400 1908 3472 ὅπερ
1946 3404 2043 3457 καὶ
2080 3400 2299 3470 σίφωνα

273 3475 523 3549 λέγομεν,
574 3472 711 3547 ἦχον
761 3478 1020 3532 ἀποτελεῖ
1054 3476 1114 3531 ἐκ
1149 3484 1250 3530 τοῦ
1289 3472 1627 3542 ἀνθ-ρωπίου
1664 3474 1805 3528 πνευ
1807 3492 2001 3543 μοι-τος
2043 3470 2166 3526 οἷον
2202 3472 2299 3525 καὶ

275 3546 302 3602 ό
333 3556 598 3620 τροχαῖος
631 3548 774 3611 πούς
811 3550 863 3603 Ρ.
901 3548 1039 3602 Cfr.
1071 3547 1182 3601 soh.
1214 3546 1397 3616 Heph.
1433 3564 1490 3615 Ρ.
1524 3549 1624 3599 156
1653 3544 1743 3599 W.
1783 3495 2011 3613 (Aneod.
2051 3542 2295 3597 Studem.

278 3636 329 3687 Ρ.
360 3623 500 3689 184).
575 3618 759 3673 Aliter
795 3618 888 3673 Tz.
