2646 3882
971 206 1189 278 olymp.
1217 208 1295 262 m
1334 213 1558 263 78—81
2149 209 2271 273 127

252 372 261 460 Ι
301 375 405 437 καὶ
450 375 529 456 μὴ
577 373 889 436 ἀδυνάτων
934 372 1100 456 ἐρῶν.
1192 373 1342 438 ἔνιοι
1397 372 1459 437 δὲ
1505 374 1978 457 ἀναγινώσκουσι
2030 377 2274 450 κεινὸς
2305 396 2472 453 uoto

248 465 438 544 εἴην,
480 458 563 526 ἵν’
594 452 657 551 ᾗ,
692 463 798 526 ἐὰν
835 463 1025 538 διώξω
1062 464 1132 525 τὰ
1172 463 1456 545 ἀδύνατα,
1483 464 1679 538 κεινὸς
1707 465 1859 545 εἴην,
1888 460 2017 528 οἷον
2046 463 2277 548 ἄφρων,

248 553 329 627 ὣς
376 553 690 616 ἀδυνάτων
735 551 1059 633 ἐφιέμενος.

394 658 459 708 81
478 671 522 707 ο.
580 653 778 717 ἄλλως·
828 653 957 720 περὶ
999 661 1099 707 τοῦ
1145 653 1375 716 κεινὸς
1411 653 1559 723 εἴην
1607 653 1904 722 ἐπιστήσας
1937 674 2023 718 τις
2056 655 2278 724 λογικὸς
2305 663 2383 720 co

190 735 216 776 5
246 726 345 780 καὶ
382 725 561 793 εὑρὼν
600 721 683 778 ὅτι
718 723 790 778 τὰ
828 724 1054 779 εὐκτικὰ
1089 733 1200 780 τῶν
1238 721 1516 794 ἆημάτων,
1555 721 1645 780 ὅτε
1682 723 1785 794 μὲν
1821 724 2028 794 κυρίως
2055 725 2282 781 εὐκτικά

248 797 356 852 εἰσι
393 797 491 850 καὶ
529 795 699 866 εὐχὴν
735 795 1120 867 περιέχουσιν,
1160 795 1295 852 ἄνευ
1337 794 1646 866 συνδέσμου
1682 796 1836 860 τινὸς
1881 796 2279 866 προφέρονται,

246 877 349 923 τοῦ
398 867 469 922 ἄν
521 866 734 936 δηλαδὴ
786 864 820 936 ἢ
872 875 972 921 τοῦ
1025 865 1084 922 εἴ
1124 863 1158 936 ἢ
1211 867 1401 934 ἑτέρου
1451 867 1829 922 ὑποτακτικοῦ
1870 866 2087 938 μορίου,
2141 867 2281 938 ὁπη-

246 937 380 995 νίκα
432 939 493 992 δὲ
549 939 677 994 ἀντὶ
745 938 1131 993 ὑποτακτικῶν
1190 937 1602 1009 λαμβάνονται,
1659 938 1730 992 τὰ
1785 937 2046 1010 εἰρημένα
2110 937 2280 1008 μόρια

248 1009 753 1080 συμπροφερόμενα
800 1010 1013 1081 ἔχουσι,
1068 1009 1131 1064 τὸ
1179 1007 1366 1073 κεινός
1410 1007 1592 1078 ὥσπερ
1640 1010 2050 1080 διορθούμενος
2095 1019 2282 1074 κεῖνος

162 1091 217 1133 10
249 1082 525 1152 ἔγραψεν,
573 1079 650 1137 ἵν’
685 1079 862 1144 οὕτως
908 1081 1169 1144 εὐκτικῶς
1212 1080 1276 1134 τὸ
1327 1079 1448 1150 εἴην
1494 1081 1762 1152 ἀποδοθῇ
1809 1082 1904 1136 καὶ
1946 1081 2177 1153 ἀναχθῇ
2214 1082 2278 1137 τὸ

249 1152 433 1223 νόημα
486 1152 627 1221 πρὸς
679 1152 779 1207 τὸν
840 1151 1107 1221 Θήρωνα,
1164 1150 1468 1223 εὐχομένου
1523 1151 1738 1221 δηλαδὴ
1788 1161 1889 1207 τοῦ
1938 1161 2177 1222 ποιητοῦ
2213 1152 2277 1207 τὸ

248 1222 518 1294 γενέσθαι
554 1223 699 1278 κατὰ
734 1223 973 1292 Θήρωνα
1010 1223 1109 1277 καὶ
1146 1222 1219 1292 μὴ
1256 1222 1426 1277 πλέον
1461 1241 1528 1276 τι.
1604 1225 1784 1286 καλῶς
1811 1221 1912 1294 μὲν
1941 1220 2044 1278 οὖν
2073 1223 2102 1278 ὁ
2133 1223 2277 1293 ἀνὴρ

249 1294 615 1365 ἐπεστάτησεν
654 1295 729 1358 ὡς
766 1294 1035 1365 ἐπήβολος
1072 1293 1295 1361 ἄριστος
1320 1301 1420 1363 τῆς
1447 1303 1829 1364 γραμματικῆς
1855 1292 2075 1366 τέχνης·
2114 1303 2279 1350 τοῦτο

248 1368 313 1422 δὲ
350 1365 525 1436 μόνον
572 1365 872 1436 ἠγνόησεν,
921 1363 1005 1420 ὅτι
1052 1365 1089 1434 ἡ
1126 1365 1478 1435 γραμματικὴ
1527 1365 1619 1420 ἐπὶ
1663 1363 1808 1454 μόνῃ
1845 1373 1912 1436 τῇ
1951 1373 2114 1456 κοινῇ
2151 1368 2278 1420 δια-

164 1447 218 1488 15
247 1436 417 1510 λέκτφ
463 1437 527 1492 τὸ
565 1436 769 1506 κράτος
815 1436 927 1508 ἔχει
971 1437 1069 1491 καὶ
1116 1433 1195 1490 δι’
1230 1436 1408 1504 αὐτὴν
1447 1440 1778 1506 συνεστάθη.
1855 1437 1998 1505 πρὸς
2033 1457 2140 1508 γαρ
2176 1438 2279 1502 τὰς

247 1509 442 1577 ἄλλας,
487 1507 590 1578 τὴν
637 1505 867 1575 Δωρίδα
915 1508 1058 1578 φημὶ
1101 1508 1199 1562 καὶ
1245 1505 1482 1562 Αἰολίδα
1527 1509 1627 1562 καὶ
1664 1504 1915 1578 Ἀττικὴν
1962 1509 2058 1562 καὶ
2100 1504 2278 1576 Ἰάδα,

247 1578 375 1635 λίαν
422 1579 532 1650 ἔχει
580 1580 903 1642 ἀσυντελῶς.
978 1578 1076 1633 διὰ
1130 1585 1296 1635 τοῦτο
1356 1579 1448 1633 ἐπὶ
1504 1580 1604 1648 μὲν
1649 1587 1748 1650 τῆς
1791 1587 1985 1650 κοινῆς
2031 1579 2282 1642 κανόνας

248 1650 663 1719 ἀπαιτούμεθα,
701 1650 794 1705 ἐπὶ
831 1649 894 1705 δὲ
930 1659 1041 1706 τῶν
1079 1649 1258 1707 ἄλλων
1296 1649 1443 1719 μόνα
1483 1651 1782 1744 ἰδιώματα,
1822 1647 1964 1718 οἷον,
2000 1649 2130 1706 τόδε
2169 1648 2277 1704 ἰδί-

250 1743 371 1792 ωμα
406 1720 671 1790 Δωριέων
707 1723 805 1775 καὶ
839 1720 969 1776 τόδε
1002 1719 1273 1777 Ἀττικῶν.
1351 1719 1534 1778 ἰστέον
1573 1741 1676 1778 ουν
1716 1719 1799 1776 ὅτι
1833 1721 1897 1776 τὸ
1935 1721 2121 1785 κεινὸς
2157 1721 2278 1792 εἴην

166 1802 221 1843 20
247 1800 517 1861 Δωρικῶς
552 1790 810 1862 κείμενον
847 1792 1004 1861 παρὰ
1038 1797 1114 1864 τῷ
1144 1792 1416 1865 Πινδάρῳ
1447 1793 1612 1860 ἐστὶν,
1651 1791 1714 1856 ὃς
1738 1793 1809 1847 τὰ
1837 1790 2006 1848 πλείω
2036 1794 2279 1860 Δωριστὶ

247 1865 469 1935 γράφει.
545 1863 599 1919 οὶ
636 1865 700 1919 δὲ
735 1870 974 1933 Δωριεῖς
1012 1863 1406 1934 ὀλιγοφραδεϊς
1442 1865 1537 1918 καὶ
1559 1865 1958 1934 ξσυλληπτικοὶ,
1997 1865 2071 1928 ὡς
2107 1866 2143 1920 δ
2179 1867 2277 1920 λον

248 1935 360 1991 ἀπὸ
407 1944 507 1991 τοῦ
553 1935 660 2008 χρή
704 1935 801 1991 καὶ
846 1944 1012 2008 χρῆν,
1064 1930 1143 1992 ὧν
1188 1934 1249 1990 τὸ
1298 1936 1399 2005 μὲν
1455 1935 1560 2007 χρή
1615 1935 1728 1990 ἀπὸ
1775 1944 1874 1991 τοῦ
1923 1936 2099 2006 χρεών
2175 1954 2278 2004 στι,

250 2006 545 2064 συντεθέν·
584 2007 675 2061 διὸ
714 2008 813 2062 καὶ
847 2014 947 2061 τοῦ
979 2004 1092 2061 ἐστί
1128 2006 1227 2063 τὸν
1263 2005 1434 2062 τόνον
1473 2006 1608 2078 ἔχει·
1647 2007 1710 2061 τὸ
1749 2007 1811 2061 δὲ
1848 2007 2139 2078 χρῆν·ἀπὸ
2176 2016 2277 2062 τοῦ

246 2080 423 2150 χρεὼν
458 2073 554 2148 ἦν·
603 2078 693 2133 διὸ
732 2078 829 2133 καὶ
873 2087 1227 2147 περισπᾶται.
1305 2077 1465 2149 εἴπῃς
1502 2074 1604 2133 οὖν
1649 2078 1746 2131 καὶ
1781 2077 1844 2132 τὸ
1885 2076 2006 2147 εἴην
2042 2077 2117 2134 ἄν
2155 2082 2279 2133 συλ-

166 2158 219 2199 25
247 2153 523 2221 ληπτικῶς
555 2150 654 2204 καὶ
690 2154 985 2219 Δωρικῶς,
1024 2150 1099 2213 ὡς
1140 2157 1239 2218 τῆς
1276 2150 1549 2219 συλλαβῆς
1584 2155 1684 2217 τῆς
1719 2155 1792 2217 ῆῖῖ
1831 2148 2175 2218 ἐπελθούσης
2207 2158 2276 2220 τῇ

250 2220 321 2278 ἄν
378 2222 473 2275 καὶ
528 2221 807 2291 ἀρκούσης
860 2217 1002 2275 καθ’
1047 2220 1247 2289 ἑαυτῆς
1300 2219 1398 2274 καὶ
1460 2226 1560 2274 τοῦ
1626 2219 1936 2289 συνδέσμου
1990 2219 2147 2289 παρὰ
2205 2224 2279 2292 τῷ

248 2298 471 2361 Δωριεῖ.

381 2386 541 2461 τέλος
588 2388 926 2462 θεοξενίων.
2278 2386 2353 2443 ΕΟ

392 2582 423 2629 2
471 2572 547 2630 ἵν’
592 2569 850 2645 τ-εἴην
898 2592 1001 2630 om.
1043 2578 1081 2631 D
1137 2578 1157 2646 ΙΙ
1210 2576 1416 2647 διώξω]
1464 2572 1626 2641 δείξω
1677 2577 1712 2630 Ε
1761 2577 1818 2647 (δ
1864 2591 2000 2629 corr.
2050 2591 2118 2628 ex
2164 2575 2221 2643 α)
2259 2575 2278 2647 ΙΙ

248 2646 529 2719 ἀδύνατα]
606 2644 805 2720 κίχητα
844 2646 934 2703 ΡΟ
1097 2652 1129 2699 3
1169 2646 1265 2719 ὡς]
1304 2648 1379 2710 ὡς
1415 2644 1487 2702 ἂν
1528 2649 1563 2702 Ε
1726 2654 1759 2701 4
1796 2655 1897 2701 τοῦ
1936 2645 2042 2702 ssv:
2081 2646 2144 2700 τὸ
2185 2646 2222 2701 0
2260 2659 2275 2715 ιζ

243 2718 431 2781 κεινὸς
468 2716 535 2774 ss:
574 2719 764 2782 κοινὸς
802 2718 839 2773 0
895 2726 1081 2781 κεῖνος
1116 2734 1148 2773 ν
1175 2721 1195 2789 ΙΙ
1220 2721 1460 2807 λογισμῷ
1498 2734 1530 2773 ν
1639 2724 1670 2771 5
1708 2726 1819 2773 τῶν
1857 2714 1904 2789 ὁ.
1942 2716 2012 2772 τὰ
2051 2718 2195 2773 εὐκτ.
2237 2718 2275 2774 0

388 2796 419 2843 6
457 2789 727 2859 προσφέρ.
760 2789 847 2847 0“’
1030 2794 1059 2843 7
1096 2786 1131 2858 ἢ
1171 2789 1338 2861 (alb.)]
1375 2810 1410 2858 η
1450 2790 1545 2844 καὶ
1584 2789 1621 2846 0
1803 2794 1834 2843 8
1880 2788 2275 2881 λαμβάνωνται

245 2861 326 2917 ον
473 2866 505 2913 9
544 2878 903 2930 συμπεριφερ.
943 2861 981 2917 0
1034 2865 1055 2925 ΙΙ
1106 2860 1195 2933 τὸ]
1231 2860 1295 2915 τὸ
1336 2861 1398 2915 δὲ
1438 2860 1667 2931 0(ἳο3“ἱ·)
1832 2866 1898 2915 10
1937 2860 2020 2930 εἰη
2061 2860 2098 2917 0

247 2938 312 2985 12
362 2930 393 2986 ὃ
442 2949 549 2987 om.
589 2932 626 2989 0
809 2938 874 2985 13
927 2929 1185 3002 ἐπίβολος
1219 2947 1251 2986 ν
1434 2937 1501 2985 14
1547 2930 1722 3001 μόνης
1765 2940 1863 3001 τῆς
1908 2940 2102 3001 κοινῆς
2147 2934 2273 2987 δια-

244 3001 439 3060 λέκτου
478 3004 515 3059 0
628 3009 693 3058 15
732 3001 1004 3072 συνετέθη
1035 3003 1073 3059 0
1185 3008 1249 3057 17
1288 3021 1482 3058 κεινου
1519 3005 1578 3057 et
1613 3012 1808 3058 κοινοῦ
1838 3003 1876 3059 0
1989 3009 2054 3057 18
2092 3002 2272 3057 ἄλλων

245 3073 406 3130 ssP⁰v=
445 3094 652 3130 κοινων
692 3074 778 3132 (1⁸⁶
830 3077 1041 3131 λοιπῶν
1080 3074 1117 3129 0
1146 3076 1164 3144 11
1192 3070 1316 3129 οἷον
1353 3071 1409 3128 τί
1443 3073 1589 3141 τόδε,
1628 3074 1665 3131 0
1811 3080 1877 3127 21
1918 3074 2273 3143 συλληπτικοὶ

245 3145 369 3202 ss²v2
407 3146 833 3218 ζσυναλειπτικοὶ
881 3144 942 3201 0⁸
1008 3146 1360 3214 συλληπτικοὶ
1415 3145 1514 3200 καὶ
1560 3145 1973 3201 συναλειπτικοὶ
2023 3144 2060 3201 0

243 3223 311 3272 22
352 3217 518 3289 ἐχρῆν
557 3216 700 3273 0οη
744 3220 763 3287 ΙΙ
807 3216 920 3271 ἀπὸ
961 3216 1023 3271 0;
1064 3216 1191 3271 ἀντὶ
1230 3216 1311 3274 ssv
1467 3222 1534 3271 23
1574 3215 1840 3271 συντυθέν
1880 3215 1920 3272 ss
1964 3219 1984 3286 fl
2029 3214 2195 3287 ἐχρῆν
2239 3215 2277 3271 0

388 3295 455 3342 24
493 3287 673 3352 εἴποις
711 3288 748 3345 0
876 3292 943 3341 25
983 3288 1287 3358 συλλαβοῢς
1323 3288 1410 3343 οη
1435 3288 1455 3357 ΙΙ
1480 3288 1571 3359 τῇ]
1608 3287 1671 3342 τὸ
1711 3287 1749 3343 0
1861 3293 1927 3341 26
1967 3286 2271 3357 ἀρκούσης]

243 3360 520 3430 ἐλθούσης
556 3359 644 3417 (1⁸⁰
697 3361 717 3429 ss
768 3360 890 3431 καὶ]
928 3360 1026 3414 καὶ
1064 3358 1200 3415 ἄνευ
1239 3359 1306 3416 03

1042 3562 1466 3569 --——-—-—-—-—-.-—-—--
