2646 3882
288 209 420 275 222
1185 208 1413 265 Scholia

289 380 329 437 f.
376 375 417 458 ἢ
464 377 643 438 οὕτω·
689 382 768 464 τῷ
817 376 1075 456 μαθόντι
1115 376 1218 439 καὶ
1261 373 1302 455 ἡ
1339 374 1553 450 ἄδολος
1600 376 1784 454 σοφία
1818 375 2031 455 μείζων
2074 375 2317 457 γίνεται.

79 483 288 540 acuto
381 488 436 545 g.
482 465 546 528 τὸ
595 462 658 527 δὲ
704 439 889 544 σαφὲς
935 466 1122 539 οὕτως
1167 464 1306 546 ἔχει·
1352 472 1431 550 τῷ
1479 463 1544 527 δὲ
1589 458 1710 545 μετ’
1752 464 2006 543 εὐφυΐας
2042 470 2317 544 μεμαθη-

288 555 417 617 κότι
457 551 497 635 ἡ
544 554 728 633 σοφία
781 553 882 616 καὶ
934 552 1032 616 ἐπὶ
1085 554 1150 617 τὸ
1206 556 1405 635 μεῖζον
1460 553 1687 628 ἀδόλως
1734 552 1835 616 καὶ
1878 551 2319 632 ἀνεμποδίστως

290 642 608 724 ἐπαίρεται
667 641 748 717 ὡς
791 652 910 705 τῶν
948 640 1188 705 Ροδίων
1234 644 1480 722 εὐφυῶν
1524 641 1712 724 μὲν”
1680 666 1867 706 οντων
1912 641 2061 703 κατὰ
2106 643 2317 720 φύσιν,

287 730 777 815 προσδεξαμένων
823 730 888 793 δὲ
932 731 1033 793 καὶ
1075 731 1186 811 τὴν
1232 729 1463 813 τέχνην,
1506 731 1608 795 καὶ
1642 732 1831 805 οὕτως
1868 730 1927 805 ἐξ
1964 729 2315 813 ἀμφοτέρων
2374 752 2401 793 5

289 831 395 904 τῆς
441 820 757 902 μαθήσεως
803 820 1004 894 αὐτοῖς
1049 818 1147 882 ἐπὶ
1191 820 1255 883 τὸ
1300 820 1495 903 ἄκρον,
1532 820 1847 901 ἐλθούσης.

214 920 293 974 8⁸¹
423 914 528 972 99.
593 904 938 994 (bisonas—2)
983 907 1022 989 ἡ
1067 910 1313 989 φυσική.

81 1017 290 1075 uento
430 1002 557 1061 100
577 1020 632 1060 a..
695 997 914 1079 φαντὶ
959 994 1016 1060 δ’
1057 997 1465 1081 ἀνθρώπων
1500 996 1798 1059 παλαιαὶ
1835 998 2100 1079 ρἠιεςε
2147 994 2317 1058 οὔπω

287 1087 402 1171 γὰρ
437 1097 557 1150 τῶν
593 1088 1064 1170 ἱστοριογράφων
1101 1086 1294 1150 ὄντων
1331 1089 1396 1150 οἱ
1428 1087 1575 1149 κατὰ
1610 1087 1855 1169 καιροὺς
1885 1084 2128 1165 ποιηταὶ
2154 1085 2316 1167 παρὰ

289 1186 408 1239 τῶν
461 1176 526 1239 ἐν
572 1182 701 1251 ταῖς
745 1178 948 1239 πόλεσι
993 1178 1206 1259 λογίων
1249 1176 1353 1239 καὶ
1394 1176 1835 1259 γεγηρακότων,
1885 1171 1977 1249 οἷς
2024 1172 2057 1235 ὁ
2102 1174 2317 1256 χρόνος
2345 1196 2400 1238 ιο

290 1265 356 1328 τὸ
403 1263 640 1348 ἀκριβὲς
683 1275 788 1347 τῆς
833 1266 1105 1347 γνώσεως
1143 1264 1475 1348 ἐμαρτύρει,
1518 1265 1623 1339 τὰς
1658 1264 1917 1347 ἱστορίας
1952 1264 2316 1327 κατακούον-

288 1378 382 1429 τες
427 1354 794 1435 ἐμάνθανον.
934 1356 994 1415 b.
1039 1354 1190 1436 λέγει
1234 1352 1300 1415 δὲ
1342 1354 1615 1417 τοιοῦτόν
1660 1371 1741 1415 τι·
1786 1348 1933 1415 καθ’
1974 1350 2046 1414 ὃν
2098 1352 2315 1435 χρόνον

291 1445 355 1506 οἱ
393 1441 531 1505 θεοὶ
575 1444 680 1505 τὸν
727 1442 866 1505 ὅλον
909 1444 1136 1523 κόσμον
1179 1443 1331 1524 πρὸς
1374 1442 1624 1517 ἑαυτοὺς
1670 1442 2085 1524 διεμερίζοντο,
2128 1439 2316 1503 ἀπόν-

289 1556 388 1606 τος
445 1540 551 1594 τοῢ
586 1528 795 1595 Ἡλίου
853 1531 954 1594 καὶ
1011 1531 1114 1594 τὸν
1171 1531 1387 1595 ἑαυτοῦ
1447 1532 1799 1605 διανύοντος
1864 1531 2117 1613 δρόμον,
2177 1528 2316 1592 ουδὲ

291 1616 375 1695 εἷς
419 1630 539 1682 τῶν
582 1627 748 1683 θεῶν
793 1619 1133 1701 ’ὑπέμνησεν
1179 1620 1323 1683 ὥστε
1367 1620 1470 1684 καὶ
1504 1621 1665 1735 αὐτῷ
1700 1630 1806 1682 τοῦ
1842 1620 2071 1701 κόσμου
2107 1619 2316 1701 μερίδα
2345 1641 2399 1682 15

291 1714 694 1791 φυλαχθῆναι.
785 1708 1018 1774 ουδέπω
1065 1708 1128 1772 δὲ
1172 1707 1213 1789 ἡ
1251 1707 1450 1785 Ρόδος
1504 1703 1583 1791 ἦν
1636 1708 1703 1771 ἐκ
1746 1710 2053 1788 θαλάσσης
2098 1706 2314 1770 ἀναδο-

289 1805 495 1861 θεῖσα
544 1798 636 1861 διὸ
680 1797 781 1861 καὶ
825 1797 1161 1881 ἀκλήρωτος
1207 1800 1411 1880 μείνας
1459 1797 1490 1861 ὁ
1535 1798 1681 1873 θεὸς
1720 1800 1942 1877 ταύτην
1978 1798 2161 1859 εἵλετο
2198 1796 2314 1876 τὴν

291 1889 522 1972 μερίδα,
567 1886 732 1971 ἱερὰν
775 1888 936 1974 αὐτῷ
983 1888 1092 1969 τὴν
1137 1898 1329 1970 νῆσον
1370 1888 1855 1971 ε’πιτρεψάμενος.

239 1996 270 2039 A
433 1981 576 2040 101.
642 1975 838 2041 οὔπω
901 1977 1013 2040 ὅτε
1067 1978 1320 2060 χθόναε
1386 1978 1485 2040 διὰ
1544 1978 1606 2040 τὸ
1667 1975 1908 2058 μηδέπω
1964 1976 2118 2038 εἴναι
2174 1975 2314 2048 τοὺς

293 2067 627 2149 ἱστορικοὺς
681 2065 1085 2150 συγγραφέας,
1143 2066 1260 2130 ἀπὸ
1318 2076 1438 2129 τῶν
1494 2066 1642 2128 κατὰ
1699 2065 1809 2145 τὴν
1868 2065 2043 2127 πόλιν
2100 2065 2315 2147 λογίων
2344 2087 2397 2126 20

291 2157 707 2220 πυνθάνονται
769 2154 840 2217 τὰ
903 2155 1180 2239 ἐπιχώρια
1243 2156 1308 2220 οἱ
1366 2156 1619 2236 ποιηταί.
1708 2155 1823 2237 πρὸ
1878 2155 2192 2236 Πινδάρου
2252 2151 2315 2216 δὲ

291 2256 468 2308 τοῦτο
516 2245 625 2327 οὐχ
669 2245 956 2327 ἱστόρητο.

231 2352 266 2409 Q
434 2338 578 2397 105.
625 2332 1040 2416 ἆλμυροῖσιε
1085 2332 1187 2395 ἆλί
1209 2351 1398 2413 φησιν
1432 2332 1698 2396 ἐνταῦθα
1732 2331 1922 2411 αὐτὴν
1956 2334 2315 2415 κεκρύφθαι.

235 2441 266 2484 A
431 2427 556 2484 106
580 2444 632 2485 a.
698 2421 1070 2496 ἀπεόντοςι
1124 2421 1380 2496 ἀπόντος
1430 2420 1494 2483 δὲ
1546 2432 1653 2485 τοῦ
1691 2419 1901 2485 Ἡλίου
1957 2421 2156 2496 οὐδεὶς
2201 2430 2315 2483 τῶν

291 2513 602 2594 παρόντων
646 2517 811 2573 θεῶν
865 2509 1146 2586 ἐνέδειξεν
1201 2508 1341 2573 οὐδὲ
1384 2509 1736 2590 ἐνεφάνισεν
1780 2511 1924 2573 ὥστε
1968 2509 2315 2593 ἀποκληρῶ-
2344 2531 2398 2572 2⁶

293 2603 398 2663 σαί
435 2625 570 2662 τινα
613 2600 808 2681 χώραν
853 2600 1029 2685 αὐτῷ.

154 2700 275 2765 8⁸¹0
433 2692 556 2751 106
577 2690 633 2749 b.
699 2688 1040 2764 ἔνδειξεν
1086 2687 1405 2764 ὑπέδειξεν.
1477 2687 1844 2769 ἐνεφάνισεν.

151 2789 277 2855 8⁸¹0
432 2783 578 2839 107.
643 2778 877 2859 λάχοςε
923 2783 1160 2860 κλῆρον.
1226 2777 1449 2859 μερίδα.

82 2886 290 2942 aeneo
430 2870 575 2929 109.
640 2864 864 2948 ἁγνὸν
916 2867 1119 2928 θεόν·
1173 2865 1277 2928 τὸν
1314 2863 1559 2945 Ἥλιον,
1612 2865 1722 2946 ουχ
1776 2864 1866 2927 ὅτι
1915 2857 2062 2926 καθ’
2102 2861 2312 2974 ἑαυτὸν

291 2953 495 3038 ἁγνὸς,
541 2949 666 3017 ἀλλ’
709 2953 742 3017 ὁ
788 2955 1136 3038 ἀφαγνίζειν
1179 2965 1250 3042 τῇ
1295 2953 1488 3017 ἀκτῖνι
1534 2955 1879 3034 δυνάμενος.
2340 2974 2395 3016 ⁸0

236 3065 268 3108 A
434 3048 634 3106 110a.
700 3043 1095 3125 μνασθέντι
1149 2981 1250 3106 δέῖξ
1310 3042 1637 3125 μνησθέντι
1694 3040 1757 3104 δὲ
1811 3042 1967 3128 αὐτῷ’
2021 3039 2153 3121 περὶ
2206 3049 2313 3102 τοῦ

435 3241 469 3288 3
505 3235 608 3305 τὴν
646 3232 857 3304 σοφίαν
896 3235 979 3289 Βν
1124 3239 1155 3288 6
1191 3233 1353 3360 *enfin
1350 3241 1449 3302 τῆς
1482 3251 1540 3287 τε
1580 3234 1618 3287 D
1764 3237 1796 3285 6
1834 3230 2049 3302 αὐτοῖς]
2087 3230 2187 3284 καὶ
2223 3229 2312 3284 εὐ-

294 3303 470 3375 φυΐας
507 3308 545 3361 D
603 3307 788 3360 αὐτῶν
827 3305 909 3362 ssv
953 3307 972 3376 ΙΙ
1016 3303 1353 3366 ἐλθόντεςῠ
1362 3321 1461 3432 eex
1498 3321 1633 3360 corr.
1812 3308 1845 3356 8
1881 3305 2010 3356 παλ.
2049 3298 2167 3371 ρήσ.
2207 3318 2314 3356 om.

296 3377 385 3432 00
526 3383 592 3430 13
630 3375 938 3468 διεμέριζον
978 3378 1015 3433 Ι)
1073 3375 1398 3446 ἐμέριζονῦ
1543 3380 1611 3429 20
1644 3370 1847 3444 λογίων
1884 3375 1949 3429 V:
1986 3372 2244 3464 λογαδων

295 3443 839 3538 23ἁλίθ3ο.ἀλλα
1123 3456 1438 3517 moveo
1582 3443 2318 3536 28λάχοςδὲκλ.ἢμ.0

435 3523 505 3572 30
541 3517 715 3588 ἁγνὸς
761 3518 930 3576 Bon:
977 3539 1016 3572 α
982 3453 1199 3588 26ρνές
1195 3518 1343 3575 ἐστιν
1364 3465 1512 3574 Εὓν
1556 3519 1575 3586 n
1619 3514 1953 3585 ἀφαγνίζειν
1992 3520 2058 3574 B:
2107 3512 2315 3588 o'ctpocvl-

294 3591 407 3654 ζειν
446 3591 484 3645 D
540 3540 864 3660 ἐμφανίζειν
904 3591 939 3644 Ε
994 3540 1240 3659 ἁγνίζειν
1280 3588 1411 3646 Gssv
1438 3591 1457 3658 ss
1482 3587 1584 3658 τὴν
1620 3587 1823 3643 ἀκτῖνα
1863 3591 1900 3645 Ε
