2646 3882
1003 213 1222 285 Olymp.
1261 215 1288 268 I
1323 220 1555 270 33—40
2211 215 2297 280 29

411 383 511 442 36.
575 382 831 462 λάμπει
877 377 952 442 δέ
997 382 1072 443 οἱ
1107 379 1342 455 κλέοςε
1385 387 1467 466 τῷ
1511 382 1691 467 ἵππῳ.
1766 378 1807 461 ἢ
1850 388 1931 466 τῷ
1968 379 2213 464 Ἱέρωνι·
2259 379 2486 458 Sanno

270 468 373 531 καὶ
418 468 666 549 βέλτιον.
729 493 780 533 ss
808 489 841 532 Α

407 561 489 620 37
511 579 564 619 a.
628 557 705 620 έν
741 558 1036 639 εὐάνορι
1070 560 1322 620 Λυδοῦ
1360 556 1715 631 Πέλοποςτ
1740 555 2062 640 ’Πίνδαρος
2101 557 2209 639 μὲν
2234 577 2486 636 fluento

271 646 376 709 τὸν
433 646 677 709 Πέλοπα
730 648 944 710 Λυδόν
1005 665 1194 727 φησιν
1249 641 1491 728 [εἶναι],
1538 645 1764 728 Ἴστρος
1826 645 1891 708 δὲ
1952 669 2115 721 (mm
2140 671 2169 709 1
2194 670 2295 722 426)

216 757 244 799 ⁵
271 736 676 819 Παφλαγόνα,
739 735 1044 802 Αὐτεσίων
1107 734 1172 798 δὲ
1245 757 1411 809 (BHG
1436 758 1505 798 Π
1530 758 1627 810 345)
1686 729 1917 817 Ἀχαιὸν
1980 730 2084 797 ἀπ’
2134 731 2299 798 Ὠλέ-

271 849 386 886 νου
443 825 699 904 πόλεως,
764 818 840 904 ἧς
905 823 1007 886 καὶ
1059 821 1328 905 ’Ὄμηρος
1390 826 1749 904 μνημονεύει
1811 820 1890 909 (Β
1938 819 2124 908 639)·
2198 825 2297 887 καὶ

271 910 532 975 Ὤλενον
577 911 683 993 ἠδὲ
729 913 1041 994 Πυλήνην.
1104 931 1294 988 nonno

408 1005 490 1064 37
512 1003 571 1063 b.
634 1001 958 1081 εὐάνοριε
1002 1002 1069 1064 ἐν
1113 1013 1184 1088 τῇ
1219 1003 1505 1086 εὐάνορος
1540 1000 1805 1086 ἀποικίᾳ,
1848 1011 1954 1064 τοῦ
1994 1000 2285 1076 Πέλοπος·
2321 1020 2448 1078 nuo

268 1089 570 1154 τουτέστιν
615 1090 682 1153 έν
729 1101 798 1177 τῇ
845 1091 1351 1177 Πελοπποννήσῳ.
1476 1112 1525 1153 ο.
1566 1091 1851 1172 γράφεται
1894 1089 1995 1152 καὶ
2039 1089 2271 1175 ἕποικίᾳ
2284 1107 2296 1118 ·

196 1201 250 1242 ιο
275 1179 494 1242 ταύτὸν
541 1177 604 1242 δὲ
652 1173 733 1241 δι’
783 1179 1147 1262 ἀμφοτέρων.
1257 1181 1312 1241 d.
1360 1178 1638 1242 ἀποικίαν
1684 1177 1781 1259 δὲ,
1834 1179 1941 1260 οὐχ
1994 1177 2073 1258 ἣν
2120 1178 2299 1253 αὐτὸς

269 1268 554 1348 ἔστειλεν,
598 1265 723 1330 ἀλλ’
774 1266 853 1348 ἣν
899 1269 1076 1343 αὐτὸς
1120 1267 1423 1331 ἐστείλατο.
1570 1290 1617 1330 e.
1664 1266 1818 1342 τινὲς
1862 1268 2132 1349 εὐάνορι,
2198 1269 2299 1330 δο-

269 1366 408 1444 τικῇ
455 1356 586 1419 ἀντὶ
630 1367 869 1437 γενικῆς
913 1367 1018 1420 τοῦ
1065 1357 1369 1441 εὐάνορος.
1468 1356 1526 1433 ἐξ
1573 1357 1849 1438 ἀνδρείας
1892 1356 2005 1440 γὰρ
2049 1357 2298 1437 νικήσας

157 1437 174 1465 ⁸
269 1445 401 1528 ἔσχε
445 1447 556 1525 τὴν
587 1435 785 1509 Ἠλιπ
847 1457 930 1510 40¹²

414 1538 497 1597 38
519 1556 574 1596 a.
640 1534 967 1609 Πέλοπος
1012 1533 1337 1620 ἀποικίαι
1388 1544 1459 1621 τῇ
1504 1535 1959 1621 Πελοποννήσῳ.
2067 1536 2123 1596 b.
2170 1545 2293 1598 τοῦ
2322 1554 2353 1597 Α

193 1645 246 1688 15
274 1622 343 1686 δὲ
386 1622 522 1686 ἀντὶ
565 1634 671 1686 τοῦ
717 1621 1006 1697 Πέλοπος.
1069 1648 1123 1686 42

411 1716 498 1774 38
519 1733 566 1774 ο.
631 1706 1012 1798 (ἀποικίαι)
1058 1713 1344 1797 κατοικία.
2320 1723 2397 1776 38¹

413 1805 572 1864 402„
631 1797 812 1882 [ἐπεί
836 1826 953 1864 νιν
978 1808 1306 1883 καθαροῦ
1345 1797 1699 1882 λέβητοςτ]
1738 1801 1909 1883 λόγος
1944 1826 2031 1874 τις
2065 1801 2224 1883 παρὰ
2251 1819 2506 1875 ascuto

276 1897 404 1965 τοῖς
461 1891 776 1972 ἱστορικοῖς
829 1890 925 1954 ἐπὶ
979 1890 1044 1953 τὸ
1092 1891 1501 1972 μυθικώτερον
1536 1888 1882 1971 πέπλασται,
1938 1889 2017 1965 ὥς
2064 1892 2127 1953 οἱ
2165 1889 2297 1953 θεοὶ

274 1979 375 2043 ἐπὶ
433 1979 692 2043 ἑστίασιν
748 1980 1026 2042 ἐκάλεσαν
1083 1980 1188 2042 τὸν
1240 1981 1541 2042 Τάνταλον
1600 1976 1739 2062 [εἰς]
1800 1978 2015 2063 ἔρανον
2076 1979 2140 2058 [ὅ
2183 1980 2305 2042 ἐστι

199 2091 252 2132 εο
282 2069 394 2148 τὴν
440 2065 721 2151 εὐωχίαν]
775 2070 1339 2151 παρασκευάσαντες.
1441 2068 1641 2148 ἐπειδὴ
1698 2060 1812 2131 οὐν
1869 2067 1968 2129 καὶ
2026 2067 2206 2142 αὐτὸς
2270 2066 2301 2131 ὃ

279 2159 583 2231 Τάνταλος
627 2162 709 2242 τῷ
755 2168 860 2220 τοῦ
906 2156 1124 2239 ἐράνου
1167 2158 1364 2243 τρόπῳ
1409 2156 1809 2240 ἀντεισφέρειν
1862 2180 1923 2219 τε
1966 2163 2090 2230 τοῖς
2134 2163 2303 2230 θεοῖς

276 2247 532 2328 εὐωχίαν
604 2245 934 2329 ἠπόρησεν,
1009 2245 1261 2325 ἀσεβοῦς
1331 2246 1769 2327 ἐπιχειρήματος
1847 2246 2149 2327 πρόφασιν
2226 2244 2290 2306 τὸ

423 2440 454 2489 3
491 2434 656 2489 Diod.
694 2441 748 2501 4,
777 2440 861 2489 74.
917 2434 1145 2490 Tzetzes
1183 2436 1257 2488 ad
1294 2434 1424 2504 Lyc.
1467 2440 1569 2489 150
1714 2438 1780 2487 19
1818 2433 2003 2502 Apoll.
2033 2432 2166 2502 epit.
2198 2438 2249 2499 2,
2270 2438 2303 2487 3

424 2601 453 2648 1
491 2594 555 2666 1.]
595 2593 650 2650 οἱ
689 2597 720 2649 b
795 2593 996 2663 λάμπει
1031 2592 1097 2649 δέ
1133 2594 1213 2663 οἱ,
1260 2594 1390 2649 add.
1428 2596 1580 2668 αὐτῷ
1607 2593 1732 2662 ἤτοι
1769 2595 1906 2651 flssv
2067 2600 2098 2647 3
2156 2593 2194 2646 1.
2233 2594 2302 2649 Αε

277 2669 471 2721 Λυδοῦ
518 2665 780 2729 Πέλοπος
821 2664 1084 2735 (πόλεμον
1123 2668 1180 2737 Ε)
1228 2665 1369 2721 Bet
1416 2682 1521 2720 om.
1564 2668 1601 2721 D
1658 2666 1834 2728 ἄλλως
1871 2665 1911 2722 ss
1963 2667 1983 2735 ΙΙ
2037 2664 2137 2734 μὲν
2183 2665 2302 2722 Ac:

278 2754 382 2793 om.
561 2745 595 2791 4
650 2732 799 2792 εἶναι
845 2753 950 2790 om.
998 2736 1168 2804 Act-:3
1222 2737 1282 2790 in
1331 2739 1371 2792 B
1416 2736 1533 2807 legi
1577 2737 1775 2805 nequit
1944 2743 1976 2790 5
2021 2733 2304 2791 Αὐτεσίων

281 2809 398 2866 Bc:
439 2804 714 2863 ἀντεσίων
752 2809 790 2862 D
864 2804 1128 2862 ἀντισίων
1166 2806 1373 2877 (-ισίων
1408 2808 1469 2861 in
1503 2824 1611 2862 ras,
1648 2827 1720 2862 m.
1760 2810 1815 2878 2)
1855 2810 1891 2863 Ε
1945 2808 2165 2863 ἀττεσιν
2202 2808 2245 2863 Α
2282 2808 2301 2879 {l

280 2880 341 2935 δὲ
390 2882 456 2935 Βε
506 2897 614 2933 om.
801 2884 832 2931 6
886 2882 1023 2933 πολε
1060 2922 1072 2933 .
1105 2923 1116 2934 .
1149 2922 1160 2934 .
1194 2922 1206 2933 .
1254 2881 1421 2949 (exea.
1459 2894 1635 2969 usque
1682 2879 1757 2933 ad
1802 2880 2153 2949 μνημονεύει)
2193 2881 2233 2934 Β

278 2950 436 3006 loeus
471 2949 706 3005 Homeri
741 2949 851 3003 huc
886 2949 1032 3003 nihil
1066 2949 1208 3004 facit
1353 2956 1381 3004 7
1420 2954 1666 3019 πεληνην
1705 2950 1838 3007 001·
1979 2955 2011 3003 8
2051 2949 2303 3021 εὐάνορι]

279 3024 555 3091 εὐανορος
592 3023 630 3076 D
780 3025 842 3074 11
885 3022 1106 3076 ἔσταλτο
1145 3022 1318 3077 Oxon.
1374 3024 1393 3090 ΙΙ
1445 3020 1592 3085 τινὲς
1620 3021 1737 3078 flss:
1776 3021 1923 3085 τινὲς
1958 3021 2020 3076 δὲ
2061 3023 2098 3077 D
2145 3024 2164 3091 ΙΙ
2208 3023 2306 3075 δο-

277 3094 402 3163 τικὴ
443 3093 486 3150 0
557 3091 790 3161 δοτικὴν
825 3107 858 3147 v
1003 3098 1067 3145 17
1104 3092 1143 3146 l.
1181 3093 1252 3148 Αε
1289 3109 1396 3147 om.
1435 3094 1474 3147 V
1526 3095 1546 3162 ΙΙ
1598 3091 1753 3160 παρὰ
1792 3092 1907 3148 Ae:
1954 3093 2084 3161 περὶ
2114 3094 2150 3147 Ε
2196 3108 2303 3147 om.

283 3164 466 3221 820⁰
512 3166 699 3234 (τις-
724 3162 1022 3231 ἱστορικοῖς
1073 3162 1134 3216 in
1181 3166 1221 3219 Β
1260 3165 1437 3233 evan.)
1628 3168 1693 3235 18
1745 3161 2025 3219 πέπλαστο
2079 3165 2115 3219 Ε
2167 3162 2188 3236 ΙΙ
2232 3163 2307 3226 ὡς

283 3252 386 3290 om.
429 3237 466 3291 Ε
614 3240 680 3287 19
729 3231 973 3289 ἐπίασιν
1019 3250 1147 3304 ego:
1197 3231 1387 3290 ἑστίαν
1424 3231 1666 3305 (Εστίαν
1705 3236 1761 3303 ΙΙ)
1813 3238 1832 3303 Η
1887 3235 1967 3297 εἰς
2011 3236 2071 3288 et
2116 3229 2147 3287 ὅ
2194 3233 2307 3289 ἐστι

281 3306 381 3377 τὴν
430 3302 674 3376 εὐωχίαν
721 3304 903 3359 delevi
947 3308 966 3374 ss
1011 3304 1042 3359 ὅ
1081 3305 1216 3377 ἐστι]
1252 3304 1500 3361 τουτέστι
1537 3308 1577 3361 Β
1633 3304 1719 3360 ὅτι
1757 3307 1793 3360 Ε
1946 3310 2014 3359 20
2049 3304 2152 3375 τὴν
2197 3320 2303 3358 om.

285 3380 322 3432 D
375 3381 398 3449 ΙΙ
452 3374 557 3432 οὖν
596 3376 816 3432 ΒΒΕῠτ
865 3376 926 3431 δὲ
963 3377 1098 3447 ΜΒ)
1278 3383 1344 3429 21
1402 3396 1460 3431 τε
1498 3393 1605 3431 om.
1646 3380 1685 3431 Β
1724 3378 1803 3446 (et
1840 3374 2034 3444 Oxou.)
2108 3375 2217 3445 [δὲ]
2247 3376 2304 3427 τὲ

289 3449 426 3521 [Β]Ι)
478 3448 746 3518 δεόμενος
791 3446 860 3516 ej.
906 3447 1058 3501 Beck
1221 3453 1286 3500 22
1337 3449 1417 3511 εἰς
1462 3448 1619 3517 εὐωχ.
1660 3447 1713 3502 Β.
1798 3444 2052 3498 Conicias
2099 3463 2154 3496 τι
2188 3452 2307 3504 τοῖς

282 3523 342 3574 θ’.
382 3518 551 3593 (sle)
591 3519 780 3590 εὐωχ.;
817 3519 916 3573 sed
951 3519 1116 3587 plura
1154 3518 1427 3573 excidisse
1463 3517 1723 3571 videntur
1901 3520 1967 3567 22
2014 3511 2305 3581 ἠπόρησαν

289 3592 325 3645 Ε
375 3594 398 3660 ΙΙ
448 3588 740 3659 πρόφασιν
775 3606 881 3643 om.
923 3591 963 3644 Β
