2646 3882
387 206 516 271 256
1278 205 1503 259 Scholia

219 392 386 449 Βοεο
527 377 604 433 71
629 394 677 434 ο.
742 373 804 433 εἰ
847 366 904 433 δ’
945 371 1074 453 ἐγὼ
1121 374 1473 451 Μελησίας
1528 373 1582 433 εἰ
1624 365 1736 435 οὗν
1779 372 1880 434 καὶ
1925 372 2103 445 αὐτὸς
2148 374 2230 457 τῷ
2278 376 2414 434 Me·-

386 462 559 546 λησίςι
602 461 707 522 τὸν
753 462 946 541 ὕμνον
990 460 1338 542 ἕφαρμόζων
1393 460 1489 522 ἐπὶ
1534 461 1644 540 τὴν
1691 462 1871 535 δόξαν
1918 461 2103 523 αὐτοῦ
2157 459 2411 543 ἀνέδρα-

387 572 532 630 μον,
586 548 666 629 ἣν
721 549 884 631 ἔσχεν
930 549 1357 632 ἀγωνιζόμενος
1406 546 1521 631 [ἐξ]
1568 549 1880 633 ἀγενείων,
1933 552 2140 631 μηδείς
2184 572 2255 630 με
2301 561 2410 613 τοῦ

147 718 152 721 ¹
387 639 632 718 φθόνου
669 644 750 724 τῷ
787 640 940 726 λίθῳ
977 638 1341 718 ἀκοντιζέτω,
1386 638 1518 701 ἀντὶ
1554 649 1661 701 τοῦ
1699 640 1905 719 μηδείς
1942 662 2011 721 με
2049 638 2148 699 διὰ
2184 642 2412 719 βασκα-

181 747 387 804 aeneo
416 729 553 789 νίαν
607 737 802 801 κακῶς
857 726 1194 809 ἀγορευέτω.
1245 729 1254 803 l
1305 729 1615 807 Μελησίας
1670 726 1734 790 δὲ
1788 726 1905 789 ἀπὸ
1960 726 2238 807 ἀθλητῶν
2291 739 2410 791 νῦν
2469 753 2493 791 5

385 815 659 896 ἀλείπτης
712 826 818 879 τοῦ
869 810 1323 895 Ἀλκιμέδοντος.
1471 818 1525 877 (1.
1580 815 1621 897 ἢ
1677 818 1888 890 οὕτως·
1945 818 2001 878 εί
2052 815 2115 879 δὲ
2168 816 2236 879 ἐκ
2289 828 2411 879 τῶν

385 906 592 985 ὕμνων
647 916 752 967 τοῦ
801 900 1245 985 Ἀλκιμέδοντος
1299 904 1396 966 ἐπὶ
1449 905 1515 967 τὸ
1560 916 1665 968 τοῦ
1716 907 2024 985 Μελησίου
2069 906 2253 979 κῦδος
2300 906 2409 967 ἀν-

386 992 672 1074 έδραμον,
725 990 758 1054 ὃ
814 993 976 1073 ἔσχεν
1021 994 1080 1069 ἐξ
1128 992 1437 1075 ἀγενείων,
1493 994 1698 1073 μηδείς
1754 1018 1855 1074 μοι
1907 996 2235 1074 φθονείτω”
2294 996 2409 1077 ἐρῶ

386 1082 498 1165 γὰρ
544 1084 650 1144 καί
689 1107 846 1163 φημι
891 1082 1074 1145 αὐτὸν
1120 1080 1337 1163 ὁμοίως
1382 1080 1447 1143 ἔν
1491 1093 1563 1169 τῇ
1611 1082 1813 1168 Νεμέᾳ
1855 1083 1967 1163 τὴν
2012 1083 2200 1162 αὐτὴν
2236 1082 2408 1165 ἔσχη-

195 1190 361 1247 Βῠεο
388 1170 555 1234 κέναι
590 1172 760 1253 χάριν
795 1171 896 1233 καὶ
930 1174 1131 1251 νίκην·
1176 1173 1184 1247 Ι
1225 1173 1447 1250 ταύτην
1486 1170 1548 1233 δὲ
1585 1172 1808 1252 εἴποιμι
1842 1170 1918 1233 ἂν
1944 1170 2022 1252 ’ἣν
2050 1172 2190 1252 μετὰ
2222 1183 2409 1235 ταῦτα
2440 1196 2490 1235 ιο

386 1260 470 1334 εἰς
513 1260 624 1340 τὴν
668 1270 787 1335 τῶν
832 1260 1071 1343 ἀνδρῶν
1115 1261 1309 1341 μάχην
1353 1260 1419 1321 έκ
1462 1270 1569 1322 τοῦ
1613 1262 1975 1343 παγκρατίου
2020 1260 2200 1342 ἔσχεν.

237 1368 358 1425 nto
387 1371 434 1411 e.
480 1348 690 1422 ἄλλως·
744 1348 824 1422 ὥς
870 1359 975 1411 τοῦ
1021 1350 1335 1428 Μελησίου
1380 1350 1828 1429 προηθληκότος
1874 1349 1974 1411 καὶ
2018 1360 2206 1411 τανῦν
2250 1349 2406 1411 ἀλεί-

385 1460 606 1516 φοντος
649 1438 751 1499 καὶ
797 1439 1180 1511 διδάσκοντος
1221 1437 1327 1499 τὸν
1359 1434 1793 1518 Ἀλκιμέδοντα·
1842 1438 1987 1500 ὥστε
2032 1440 2104 1507 οὐ
2150 1445 2231 1524 τῷ
2267 1442 2401 1501 Me·

336 1568 339 1571 -
385 1528 557 1610 λησία
601 1526 884 1607 γράφεται
930 1524 964 1587 ὁ
1017 1526 1310 1605 ἐπίνικος,
1374 1525 1517 1587 ἀλλὰ
1574 1533 1656 1612 τῷ
1706 1521 2115 1607 Ἀλκιμέδοντι.
2200 1526 2234 1589 ὁ
2288 1520 2401 1589 οὗν

385 1615 578 1694 εἰδώς,
621 1633 792 1694 φησι,
837 1616 1056 1700 ῥαδίως
1102 1616 1384 1695 διδάσκει,
1430 1615 1539 1697 οὐχ
1586 1614 1617 1676 ὁ
1663 1615 1915 1697 ἀγνοῶν.
2437 1640 2487 1679 15

194 1722 358 1779 Βοεο
524 1706 623 1765 73.
689 1703 777 1783 μὴ
831 1702 1096 1784 βαλέτω
1153 1726 1254 1783 μετ
1310 1705 1516 1784 μηδείς
1570 1726 1670 1783 μοι
1724 1706 2057 1784 φθονείτω,
2111 1706 2166 1766 εί
2208 1706 2293 1778 εἰς
2338 1705 2403 1767 τὸ

383 1790 772 1873 γεγενημένον
817 1799 898 1878 τῷ
946 1795 1223 1870 Μελησία
1277 1792 1335 1867 ἐξ
1382 1791 1660 1873 ἀγενείων
1709 1796 1893 1867 κῦδος
1938 1792 2274 1875 ἀνέδραμον
2318 1800 2401 1879 τῷ

385 1881 554 1968 ὕμνῳ
598 1879 996 1962 ἀποσχόμενος
1042 1892 1146 1945 τοῦ
1189 1854 1642 1962 Ἀλκιμέδοντος.

176 1990 383 2047 aeneo
522 1975 604 2031 74
625 1992 676 2032 a.
736 1971 854 2033 καὶ
882 1970 1118 2056 Νεμέα
1154 1973 1280 2053 γάρ
1318 1971 1429 2045 ἕως
1464 1983 1570 2033 τοῦ
1606 1971 1681 2034 ἐν
1717 1973 2146 2059 παγκρατίῳε
2182 1973 2403 2050 ταύτην

387 2057 449 2121 δὲ
495 2058 603 2138 τὴν
649 2060 840 2140 μάχην
885 2060 986 2122 καὶ
1030 2061 1139 2140 τὴν
1184 2062 1363 2139 νίκην
1409 2060 1505 2122 ἐπὶ
1548 2070 1665 2122 τῶν
1710 2060 1993 2143 ἀγενείων
2040 2060 2140 2122 καὶ
2184 2059 2249 2122 ἐν
2294 2059 2400 2121 ἀν-
2429 2083 2484 2124 so

193 2167 356 2224 80εο
385 2149 596 2225 δράσιν
641 2148 817 2229 ἔσχεν.
953 2151 1011 2210 b.
1067 2147 1283 2228 ὁμοίως
1338 2148 1403 2210 ἐν
1457 2159 1525 2234 τῇ
1573 2148 1775 2234 Νεμέᾳ
1827 2149 1936 2229 τὴν
1990 2149 2179 2228 αὐτὴν
2234 2151 2402 2231 χάριν

385 2238 509 2319 ἔσχε
553 2240 724 2318 νίκης
769 2237 1047 2320 ἀγενείων
1092 2237 1267 2300 κάκεῖ
1300 2240 1676 2320 παγκρατίου.

217 2345 384 2402 Anno
523 2331 671 2389 740.
735 2327 856 2388 καὶ
913 2325 1149 2410 Νεμέα
1202 2326 1330 2408 γὰρ
1387 2325 1596 2405 ὁμῶςε
1660 2327 1771 2406 τὴν
1823 2326 1933 2408 γάρ
1990 2326 2179 2405 αὐτὴν
2233 2328 2401 2408 χάριν

388 2413 602 2492 ὁμοίως
649 2414 760 2495 ἐρῶ
806 2416 906 2477 καὶ
949 2415 1014 2477 ἐν
1062 2414 1262 2500 Νεμέα
1306 2415 1704 2497 γεγενημένην
1751 2415 1934 2500 αὐτῷ·
1980 2415 2082 2477 καὶ
2126 2415 2236 2497 γὰρ
2283 2414 2409 2477 ἐκεῖ

322 2524 351 2567 Α
387 2505 672 2582 νενίκηκε.
732 2497 740 2585 Ι
801 2505 1073 2584 δεύτερον
1130 2505 1188 2579 ἐξ
1248 2497 1321 2582 ἧς
1377 2506 1553 2566 πάλιν
1610 2504 1925 2584 Νεμεακὴν
1983 2506 2162 2584 νίκην
2216 2504 2401 2567 αὐτοῦ
2432 2529 2484 2569 25

530 2733 560 2780 3
600 2728 656 2793 ἐξ
695 2723 962 2797 ἀγενείων
1003 2729 1065 2782 B:
1106 2725 1374 2796 ἀγενείων
1414 2728 1503 2786 ΕΠ
1557 2727 1807 2798 ἀγένειος
1846 2731 1901 2784 Ι).
1961 2727 2174 2784 Seclusi
2212 2729 2268 2794 ἐξ

386 2804 421 2852 4
456 2802 533 2872 τῷ
561 2797 703 2871 λίθῳ
741 2816 846 2853 om.
890 2800 942 2866 Ε,
981 2798 1158 2868 suppl.
1199 2801 1303 2854 Em&
1330 2802 1348 2868 ΙΙ
1384 2819 1450 2869 με
1488 2817 1591 2853 om.
1635 2802 1670 2855 Ε
1815 2805 1846 2853 5
1885 2818 2186 2869 προσαγορ.
2228 2802 2265 2855 Ι)
2294 2803 2314 2869 11
2341 2801 2403 2854 δὲ

387 2885 493 2923 om.
527 2869 562 2925 0
608 2873 627 2940 ΙΙ
672 2870 922 2939 ἀθλητοῦ
962 2872 992 2924 h
1007 2872 1037 2924 b
1076 2873 1206 2940 (τῶν
1243 2871 1504 2939 ἀθλητῶν
1542 2871 1602 2941 G)
1764 2876 1796 2924 6
1838 2875 1967 2940 post
1996 2868 2407 2939 Ἀλκιμέδοντος

389 2940 515 2994 add.
545 2950 705 2997 κεῖνα
737 2943 776 2996 Β
885 2947 916 2994 8
947 2961 1040 3010 μοι
1068 2957 1174 2994 om.
1208 2942 1243 2995 Ε
1354 2947 1385 2993 9
1417 2962 1558 3010 φημι
1590 2942 1699 3012 B(c
1734 2944 1894 2998 nli-⁶:
1926 2940 2146 3012 φημίσω
2177 2942 2317 2998 ΕΡΟΟ.

389 3017 457 3066 10
492 3012 724 3083 ταύτην]
761 3021 938 3066 ταῦτα
967 3015 1004 3068 Ι)
1033 3015 1052 3082 ΙΙ
1078 3009 1173 3083 ἣν]
1204 3009 1270 3066 ὃν
1301 3014 1339 3067 Ι)
1457 3019 1523 3068 14
1553 3013 1679 3068 ἐπιν
1704 3032 1825 3077 κιος
1864 3015 1899 3068 Ε
2010 3019 2074 3066 15
2111 3013 2333 3080 ἀγνοῶν
2361 3015 2405 3068 Α

387 3085 522 3206 {roz
561 3084 756 3138 ἀθλῶν
920 3088 985 3137 16
1021 3083 1059 3136 1.
1099 3099 1206 3137 om.
1247 3085 1284 3138 Ι)
1311 3085 1351 3152 ’ss
1395 3103 1488 3153 μοι
1526 3100 1632 3138 om.
1676 3086 1711 3139 Ε
1864 3089 1928 3137 17
1967 3083 2269 3154 γενόμενον
2310 3084 2347 3137 Ι)
2386 3084 2407 3158 Η

417 3155 445 3218 ξ
486 3154 602 3210 Bu:
651 3155 711 3209 ἐκ
756 3163 869 3208 τῶν
907 3156 995 3209 DE
1142 3161 1209 3208 18
1255 3154 1635 3227 1ὑποσχόμενος
1674 3157 1713 3244 ξ
1858 3160 1923 3208 19
1970 3155 2006 3208 l.
2047 3170 2151 3244 9¹¹²·
2193 3154 2231 3210 0
2276 3155 2309 3244 ΙΙΙ
2342 3153 2405 3208 ἐκ

385 3221 738 3364 &mma
774 3225 2403 3379 2:212322352⁸⁰32*&3{„327222⁰&5212222z2ff2;3oe5‚5531

387 3361 486 3436 τίῳ
518 3367 556 3418 Β
665 3371 732 3418 23
769 3366 805 3419 1.
837 3383 918 3420 slc
945 3370 1012 3423 A:
1043 3384 1150 3421 om.
1183 3370 1220 3423 Ι)
1278 3367 1413 3436 ἐρέω
1441 3369 1650 3423 ταύταν
1678 3367 1843 3440 χάριν
1874 3367 1969 3425 ΗΠ
2077 3374 2161 3424 24.
2185 3373 2252 3421 25
2293 3369 2409 3423 ἐκεῖ

388 3432 642 3504 νενίκηκε
679 3437 901 3506 scripsi:
941 3435 1158 3508 ἐκείνην
1196 3436 1415 3509 ἐνίκησε
1452 3442 1496 3495 Α
1551 3440 1666 3494 ἐκεῖ
1698 3435 1953 3508 νενίκηκε
1988 3439 2091 3508 τὴν
2127 3449 2239 3496 τῶν
2276 3440 2403 3508 ἀγε-

390 3502 553 3559 νείων
593 3505 687 3563 ΗΠ
722 3507 840 3576 (cfr.
879 3508 991 3561 sch.
1025 3514 1091 3562 ’16
1110 3512 1173 3578 Α)
1229 3510 1347 3564 ἐκεῖ
1376 3511 1479 3580 τὴν
1514 3519 1623 3565 τῶν
1660 3511 1746 3578 ἀγ.
1785 3508 1951 3580 νίκην
1988 3509 2183 3582 γέγονε
2222 3514 2259 3567 Ι)

391 3580 458 3628 25
494 3575 559 3630 fb.
598 3578 863 3645 δευτέραν
901 3579 1027 3648 ἑξῆς
1061 3579 1231 3635 πάλιν
