2646 3882
351 212 482 277 250
1245 211 1470 265 Scholia.

351 374 475 440 ἀλλ’
517 378 576 453 ἐξ
631 378 899 451 ἐναντίας
957 376 1112 459 ὀρῶν
1169 371 1291 439 εἷπε
1355 377 1504 459 πρὸς
1558 376 1661 439 τὸν
1707 378 1937 439 Αἰακὸν
1992 374 2023 437 6
2074 372 2376 439 Ἀπόλλων

353 468 440 529 ὅτι
485 466 632 529 κατὰ
679 467 780 540 τὰς
826 467 933 540 σὰς
990 466 1260 550 ἐργασίας
1304 464 1621 528 ἁλίσκεται
1679 461 1809 528 οἷον
1858 465 2153 546 ἁλώσιμόν
2198 466 2373 529 ἐστιν.

354 556 560 636 ὅμοιον
606 563 686 641 τῷ
733 550 794 639 (λ
834 550 1014 639 116)·
1069 557 1138 617 οῖ’
1172 579 1262 617 τοι
1306 557 1509 636 βίοτον
1555 554 1925 617 κατέδουσιν·
1982 555 2215 617 οὐδέπω
2259 555 2375 637 γὰρ

352 646 620 727 πάρεισιν
676 647 739 707 οἱ
788 655 1112 725 μνηστῆρες
1170 644 1263 705 ότε
1315 644 1706 724 ἐμαντεύσατο
1755 641 1786 704 6
1827 637 2171 721 Ὀδυσσεὺς,
2229 643 2374 706 ἀλλὰ

353 733 482 795 ἀντὶ
527 744 632 796 τοῦ
676 734 1018 795 κατέδονται
1061 732 1410 795 κατέδουσιν
1456 728 1635 794 εἶπεν.
2434 758 2457 795 5

141 841 351 897 0οΕΗο
489 825 647 884 53b.
713 822 960 884 ἔννεπε
1019 817 1072 883 δ’
1117 821 1367 883 ἀντίον
1425 820 1819 904 ὅρμαίνωντ
1885 823 2213 903 φροντίζων
2273 821 2376 883 καὶ

351 912 462 992 τὴν
501 913 771 973 διάνοιαν
808 912 1065 990 ἐφιστάς.
1183 932 1232 971 ο.
1273 908 1304 971 6
1345 909 1407 971 δὲ
1445 911 1639 991 λόγος·
1679 910 1787 990 οὐχ
1818 909 2137 991 ὑπερέθετο
2170 912 2373 991 στοχά-

356 1003 589 1078 ζεσθαί,
645 1018 861 1080 φησιν,
921 995 1045 1061 ἀλλ’
1079 999 1136 1074 ἐξ
1194 997 1466 1061 ἐναντίου
1524 998 1680 1078 δρῶν
1737 998 1817 1060 ἔτι
1874 993 2053 1060 εἶπεν.
2188 1001 2243 1059 d.
2291 998 2374 1073 ὡς

356 1088 419 1151 δὲ
479 1088 760 1170 συνέβαλε
818 1089 882 1151 τὸ
944 1094 1222 1168 σημεῖον,
1287 1088 1389 1149 καὶ
1451 1090 1679 1161 οἰκείως
1743 1088 2009 1149 ἔννεπεν·
2080 1090 2144 1149 οἷ
2190 1106 2373 1168 προσ-

353 1181 673 1258 βαλοῦντες
725 1178 872 1239 κατὰ
927 1178 996 1239 τὰ
1052 1174 1297 1258 ἡμέτερα
1352 1178 1507 1257 τείχη
1574 1176 1933 1238 ἀπολοῦνται
1985 1177 2255 1258 καθάπερ
2316 1178 2380 1238 οἱ
2405 1201 2457 1240 10

158 1285 323 1341 ΒΕΗΟ
353 1268 464 1329 δύο
513 1268 848 1349 δράκοντες·
891 1261 900 1349 Ι
943 1265 974 1327 6
1023 1264 1085 1327 δὲ
1131 1266 1276 1326 κατὰ
1323 1266 1386 1327 τὸ
1425 1266 1657 1327 Αἰακοῦ
1704 1266 1961 1346 τείχισμα
1997 1264 2193 1327 ἐλθὼν
2230 1266 2374 1346 δρά-

351 1380 476 1417 κων
531 1356 832 1437 κρατήσει,
887 1354 1181 1416 τουτέστιν
1246 1356 1308 1415 οῖ
1367 1357 1839 1435 προσβαλοῦντες
1893 1350 2017 1414 κατ’
2062 1352 2251 1415 ἐκεῖνο
2306 1354 2373 1415 τὸ

145 1463 355 1519 coeno
384 1444 583 1526 μέρος·
629 1440 637 1528 Ι
678 1445 819 1505 ὥστε
874 1442 990 1505 ἀπὸ
1037 1452 1153 1504 τῶν
1199 1452 1407 1524 τριῶν,
1465 1442 1669 1522 ἐπειδὴ
1715 1442 1779 1505 τὸ
1836 1449 1986 1524 τρεῖς
2030 1441 2176 1524 ἀρχὴ
2222 1443 2374 1521 πλή-

353 1540 509 1605 θους
565 1532 713 1611 ἐστὶ,
769 1533 832 1594 τὸ
887 1537 1121 1611 πλῆθος
1177 1541 1292 1593 τῶν
1342 1526 1589 1613 Ἀχαιῶν
1653 1532 1737 1604 εἰς
1792 1532 2109 1611 σημείωσιν
2168 1525 2371 1643 ἦχθαι.

443 1643 490 1683 ο.
536 1619 690 1694 τινὲς
736 1619 798 1683 δὲ
845 1622 928 1695 εἰς
974 1620 1038 1681 τὸ
1099 1619 1272 1702 ἐγγὺς
1326 1620 1407 1682 ἔτι
1460 1620 1525 1681 τὸ
1572 1622 1814 1702 αι’νιγμα
1858 1620 2139 1682 θέλουσιν
2185 1618 2370 1701 άγειν.
2402 1644 2456 1684 15

63 1782 66 1787 ¹
141 1728 351 1784 801)εο
385 1705 392 1791 Ι
425 1709 624 1788 ἐπειδὴ
679 1708 790 1791 γὰρ
845 1712 909 1772 οῖ
959 1708 1273 1791 δράκοντές
1328 1710 1437 1771 εἰσι
1490 1716 1672 1791 τρεῖς,
1732 1702 1816 1770 ὧν
1874 1708 1981 1771 δύο
2040 1708 2372 1789 ἀπέθανον,

353 1794 437 1871 εἷς
493 1796 556 1859 δὲ
620 1799 926 1878 εἰσῆλθεν,
989 1797 1192 1879 ἀνάγει
1245 1798 1393 1878 πρὸς
1458 1799 1597 1871 τοὺς
1651 1798 1709 1872 ἐξ
1757 1799 1990 1859 Αἰακοῦ
2044 1797 2143 1859 καὶ
2199 1797 2371 1879 λέγει·

356 1886 634 1968 Τελαμὼν
687 1887 786 1950 καὶ
841 1889 1078 1968 Πηλεὺς
1134 1886 1404 1965 ἀδελφοί·
1472 1889 1583 1951 δύο
1649 1889 1874 1950 τούτων
1928 1888 2133 1959 παῖδες
2187 1904 2372 1969 προσ-

352 1981 601 2059 βαλοῦσι
646 1976 783 2056 μὲν,
839 1977 1198 2039 ἀπολοῦνται
1245 1975 1338 2057 δὲ,
1384 1977 1538 2050 Αἴας
1582 1977 1681 2038 καὶ
1721 1972 2033 2059 Ἀχιλλεύς·
2095 1974 2126 2036 6
2176 1974 2236 2037 δὲ
2282 1971 2369 2048 εἷς

353 2067 783 2147 Νεοπτόλεμος,
828 2064 895 2140 ὃς
941 2067 1040 2128 καὶ
1089 2065 1254 2139 ἐντὸς
1299 2077 1403 2147 τῆς
1448 2065 1670 2139 πόλεως
1715 2064 1958 2146 ἐγένετο,
2009 2059 2183 2138 οὗτος
2226 2088 2369 2146 κρα-
2400 2089 2457 2128 20

351 2156 512 2234 τήσει
554 2165 659 2236 τῆς
704 2157 950 2230 πόλεως·
1001 2155 1144 2217 ὥστε
1189 2156 1253 2217 τὸ
1291 2155 1582 2236 ἀνάλογον
1619 2155 1908 2228 σώζεσθαι
1956 2153 2056 2214 καὶ
2093 2154 2372 2234 δράκοντι

351 2251 431 2329 τῷ
477 2246 804 2306 εἰσελθόντι
848 2245 948 2307 καὶ
995 2245 1264 2307 σωθέντι.
1328 2269 1379 2308 61
1400 2264 1431 2306 Β

159 2350 324 2407 ecto
489 2337 570 2394 53
591 2337 632 2393 f.
709 2332 1097 2416 ὁρμαίνωνε
1175 2333 1655 2415 διαλογιζόμενος.
1742 2332 2181 2411 διανοούμενος.

353 2444 407 2501 g.
455 2417 578 2484 εἶπε
617 2421 678 2484 δὲ
726 2421 757 2483 6
799 2419 1116 2503 Ἀπόλλων,
1161 2422 1431 2484 ἐναντίον
1476 2421 1576 2482 καὶ
1622 2418 1857 2494 ἀδέξιον
1902 2421 2268 2500 θεασάμενος
2305 2419 2372 2480 τὸ

350 2511 591 2592 γεγονὸς
635 2511 819 2592 τέρας.
2403 2533 2457 2572 25

495 2689 525 2736 2
565 2683 697 2736 ante
735 2680 996 2772 ἐργασίας
1028 2699 1154 2748 rae„
1196 2699 1227 2736 σ
1263 2698 1398 2735 corr.
1440 2681 1519 2751 (in
1556 2678 1767 2750 scrib.)
1804 2679 1916 2733 fuit
1950 2679 2015 2734 ft.
2053 2697 2273 2768 περγαμ

354 2758 384 2805 3
423 2751 488 2806 οἵ
511 2773 599 2807 τοι
633 2753 822 2808 Hom.:
862 2752 1017 2808 οὔτοι
1123 2759 1156 2806 4
1191 2761 1453 2822 παρῆσαν
1482 2754 1521 2807 V
1549 2754 1691 2822 (251,
1712 2752 1766 2820 9)
1876 2756 1906 2804 6
1948 2751 2141 2805 ἔννεπε
2171 2747 2226 2806 δ’
2261 2767 2369 2804 om.

353 2823 436 2879 ssv
583 2823 783 2879 Ίὸδὲ
820 2823 880 2878 λό
885 2825 1114 2894 γεοςῦν
1155 2822 1286 2880 ὃδὲ
1323 2822 1636 2894 nysam-:fl
1696 2821 1894 2877 ὁδὲῦ
2040 2821 2167 2886 8ἐξ
2207 2820 2372 2876 ἐναν-

348 2891 475 2948 τίου
514 2894 730 2951 cumi:
773 2895 828 2960 ἐξ
866 2847 1064 2950 ἀντίου
1096 2898 1131 2951 Ε
1186 2845 1503 2960 ἐξεναντίον
1544 2895 1625 2951 (lv
1680 2894 1736 2958 ἐξ
1776 2890 2035 2955 ἐναντιας
2061 2895 2147 2950 ΑΙ)
2175 2895 2193 2963 ΙΙ
2222 2891 2373 2960 ὁρῶν

353 2965 456 3038 ἔτι]
485 2965 706 3035 dquam?
741 2966 909 3034 Beck,
932 2969 962 3022 b
991 2969 1009 3037 ΙΙ
1037 2961 1212 3038 εἶπεν]
1244 2968 1429 3020 cetera
1458 2982 1569 3033 seq.
1602 2971 1736 3032 5503
1776 2964 1872 3018 cfr.
1905 2970 2017 3018 53³,
2143 2970 2173 3018 9
2213 2963 2373 3018 συνέ-

352 3038 516 3107 βαλλε
554 3039 589 3092 Ε
634 3040 653 3107 ΙΙ
699 3036 914 3101 οἰκείως
950 3041 1298 3106 corruptum3
1336 3037 1401 3092 ft.
1441 3036 1653 3100 εὐθέως
1696 3039 1715 3106 ΙΙ
1753 3037 1981 3092 ἔννεπεν
2022 3035 2133 3091 Ess:
2174 3035 2372 3090 ἔνεπεν

353 3108 487 3164 θΗν
544 3108 771 3164 ἔννεπεν
820 3109 848 3163 ὁ
889 3107 1161 3163 Ἀπόλλων
1210 3111 1248 3164 D
1423 3114 1488 3162 10
1538 3109 1955 3198 ἀποσοβοῦνται
1992 3106 2029 3162 G
2204 3111 2265 3160 11
2305 3107 2371 3160 τὸ

355 3179 515 3235 Hssv:
554 3189 654 3234 τοῦ
693 3182 782 3236 DE
907 3187 972 3232 12
1008 3181 1453 3270 προσβαλοῦντες
1491 3181 1551 3234 E:
1591 3179 1997 3249 προσβαλόντες
2027 3177 2161 3233 Dssv
2198 3194 2371 3244 προσ-

354 3248 649 3320 βάλλοντες
687 3253 725 3305 Η
857 3255 921 3303 15
959 3249 1089 3304 τινὰ
1130 3253 1165 3305 Ε
1209 3253 1227 3320 ΙΙ
1270 3251 1403 3311 τοὺς
1439 3251 1599 3320 ἐγγυς
1633 3251 1695 3304 τὸ
1728 3249 1836 3302 αἱν.
1878 3249 1956 3302 ἔτι
1994 3248 2074 3304 (lv
2118 3251 2137 3317 ΙΙ
2184 3247 2370 3318 ἐγγυς]

353 3320 418 3374 ft.
459 3321 750 3391 ἐγγύτερον
878 3327 943 3374 16
984 3316 1062 3378 ὧν
1100 3320 1154 3375 οἱ
1191 3321 1294 3375 δύο
1336 3323 1417 3376 Βν
1538 3326 1600 3373 17
1642 3319 1671 3374 ὁ
1712 3320 1771 3375 δὲ
1810 3316 1888 3379 εἷς
1926 3319 2008 3372 Βν
2035 3320 2053 3386 ΙΙ
2082 3319 2369 3388 ἀνάγει-

354 3389 499 3460 λέγει
538 3394 603 3447 Β;
650 3392 864 3462 λέγεται
901 3392 964 3446 δὲ
1011 3395 1137 3462 (om.
1177 3391 1462 3462 ἀνάγει-
1483 3392 1602 3459 καὶ)
1783 3395 1847 3442 18
1896 3389 1999 3442 δύο
2036 3389 2127 3442 ἀδ.
2169 3389 2208 3445 ss
2264 3389 2369 3443 δύο

354 3463 444 3516 ἀδ.
486 3464 588 3518 δύο
627 3479 658 3518 ν
805 3469 868 3516 19
907 3465 1195 3518 ἀπολεῖται
1235 3466 1271 3519 Ε
1307 3466 1325 3534 ΙΙ
1353 3462 1496 3527 Αἴας
1531 3460 1785 3532 δηλονότι
1822 3460 1919 3513 καὶ
1955 3475 1986 3514 ν
2013 3461 2032 3528 ΙΙ
2058 3456 2290 3530 Ἀχιλευς
2330 3462 2368 3515 Β

497 3539 561 3587 21
600 3535 783 3588 καὶ-
805 3540 870 3587 22
911 3533 1152 3589 σωθέντι
1189 3551 1295 3590 om.
1330 3537 1367 3591 D
1514 3539 1579 3586 23
1618 3532 1791 3594 ἄλλως
1824 3546 2033 3599 praem.
2076 3530 2209 3586 θῦν

354 3609 422 3658 24
460 3603 707 3677 ἀδέξιον]
748 3604 955 3670 άδοξον
994 3607 1077 3660 Βν
