2646 3882
352 205 475 270 148
1242 202 1468 258 Scholia

139 390 348 449 coeno
437 375 493 433 h.
540 369 753 445 ἄλλως·
808 371 1079 451 θάλαμος
1121 370 1343 452 κυρίως
1389 368 1544 432 ἐστὶν
1589 365 1753 446 οἶκος
1804 369 1870 433 ἐν
1908 396 1954 456 ῳ
1999 373 2374 435 κατακλείον-

346 485 443 523 ται
488 461 556 522 αἱ
594 460 1069 540 νυμφευόμεναι,
1126 459 1215 521 ὅτι
1258 460 1590 522 θάλλουσαι
1633 470 1704 546 τῇ
1750 457 1949 546 ἡλικία
1994 443 2376 542 συνέρχονται

349 550 544 637 γάμω·
589 558 1058 630 καταχρηστικῶς
1104 546 1167 609 δὲ
1212 556 1328 610 νῦν
1375 548 1516 622 ὅλας
1561 549 1665 623 τὰς
1712 550 1900 623 οἰκίας
1935 551 2248 630 θαλάμους
2292 544 2374 611 εἶ-

348 661 460 701 πεν
506 635 539 699 ὅ
585 639 907 720 Πίνδαρος.
954 661 1006 700 22
1030 654 1062 700 c
1098 661 1150 700 37
1172 655 1203 699 n

484 731 644 788 31a.
709 727 1059 808 ὑψίγυιον
1105 724 1345 799 maog:
1397 725 1640 805 ὑψηλὸν
1684 725 1802 789 ἀπὸ
1848 736 1952 806 τῆς
1997 737 2123 808 γῆς.
2433 748 2458 787 5

350 818 404 878 Ι).
450 815 585 898 ἔχον
631 815 895 897 μακροὺς
938 816 1227 895 κλάδους,
1272 813 1532 877 τουτέστι
1578 816 1724 888 ξύλα
1768 813 1962 898 μακρὰ
2007 812 2098 890 οἷς
2143 815 2375 879 '‘zancl-

355 908 518 979 ζουσι
562 905 662 966 καὶ
708 902 999 984 ὀροφοῦσι
1042 904 1181 977 τους
1226 905 1550 985 θαλάμους.

491 998 643 1056 310.
708 993 1085 1108 ὑψίγυιοντ
1141 992 1397 1118 ὑψηλόν.
1535 994 1588 1052 d.
1635 991 1784 1076 πρὸς
1839 994 2186 1074 οἰκοδομίαν
2239 994 2375 1076 χρή·

354 1101 588 1232 σιμοέ2.
653 1167 767 1232 ὑπ’
807 1169 1232 1252 ἀμηχανίας·
1278 1165 1386 1232 ὑπ’
1423 1169 1692 1251 ἀπορίας.
2405 1192 2460 1236 10

144 1279 352 1335 coeno
492 1263 647 1322 34a.
714 1259 854 1321 αἰεὶ
900 1255 957 1321 δ’
1000 1253 1170 1340 ἀμφ’
1210 1258 1601 1336 ἀρεταῖσιν·
1657 1258 2092 1342 ὧμολόγηται““
2070 1261 2158 1322 ότι
2208 1283 2380 1322 ενεκα

352 1359 457 1412 τοῦ
503 1349 839 1428 κτήσασθαι
882 1347 1097 1430 ἀρετὴν
1139 1348 1239 1410 καὶ
1284 1349 1510 1422 πόνους
1553 1373 1641 1421 τις
1679 1348 1780 1409 καὶ
1815 1350 2071 1431 μεγάλας
2110 1350 2378 1424 δαπάνας

352 1439 769 1518 καταβάλλεται
822 1438 922 1499 καὶ
976 1437 1126 1518 πρὸς
1180 1447 1303 1499 πᾶν
1357 1436 1530 1519 ἔργον
1583 1436 1969 1500 ἐπικίνδυνον
2025 1437 2380 1519 ἀπομάχεται

67 1529 81 1565 '
164 1525 394 1607 οεκοὴ
444 1528 677 1605 δαπάνη
712 1525 813 1587 καὶ
859 1525 891 1588 ὅ
928 1527 1193 1598 πόνος.
1262 1528 1317 1586 b.
1364 1527 1629 1612 κινδύνῳ
1669 1524 1732 1588 δὲ
1777 1526 2218 1608 κεκαλυμμένον
2254 1521 2379 1588 εἶπε

359 1626 503 1692 νῦν,
566 1613 769 1694 ἐπειδὴ
832 1615 905 1677 οὗ
969 1615 1157 1694 μόνον
1213 1612 1435 1695 άδηλός
1498 1614 1620 1676 ἐστι
1680 1621 1804 1689 τοῖς
1865 1615 1938 1676 τὰ
1991 1615 2215 1677 ἑαυτῶν
2273 1617 2378 1677 δα-
2409 1621 2461 1676 1'5

356 1712 625 1765 πανῶσιν
677 1701 718 1782 ἡ
773 1702 839 1765 ἐν
887 1699 1177 1788 Ὀλυμπία
1240 1703 1410 1783 νίκη,
1473 1699 1598 1764 ἀλλ’
1642 1704 1731 1765 ότι
1791 1703 1892 1765 καὶ
1953 1710 2211 1767 πλεῖστοι
2262 1714 2380 1766 τῶν

346 1790 804 1874 ’ἀγωνιζομένων
848 1791 1161 1880 ἀπέθανον
1205 1791 1271 1853 ἐν
1314 1799 1399 1877 τῷ
1443 1793 1674 1854 σταδίω.
1766 1803 1941 1855 τοῦτο
1987 1791 2052 1855 δὲ
2105 1793 2218 1856 οὐκ
2262 1791 2382 1854 ἔστι

358 1881 689 1965 πρόδηλον,
749 1879 889 1945 ουδὲ
950 1881 1061 1965 γὰρ
1125 1892 1273 1943 πᾶσι
1337 1883 1680 1964 συμβαίνει,
1743 1880 1888 1945 ἀλλὰ
1949 1883 2302 1945 κεκάλυπται
2347 1879 2380 1944 ὀ

357 1980 623 2045 τοιοῦτος
666 1972 947 2045 κίνδυνος
990 1982 1061 2057 τῇ
1108 1970 1341 2056 ἀδηλία.
1421 1971 1808 2035 ἐνδείκνυται
1827 1969 1963 2033 δὲ“
1928 1996 2018 2034 οτι
2056 1971 2130 2034 ού
2167 1972 2378 2053 μικρόν

358 2060 480 2124 ἐστι
524 2070 763 2141 νικῆσαι
802 2054 1104 2141 Ὀλύμπια.
1168 2084 1221 2123 41
1242 2080 1274 2123 ι)
1354 2086 1358 2091 ·
2409 2081 2462 2121 20

496 2153 648 2211 340.
712 2150 933 2223 πόνος
980 2150 1287 2211 δαπάναι
1342 2155 1549 2211 πονεῖν
1595 2148 1712 2229 ἔφη
1768 2149 1870 2211 καὶ
1923 2150 2198 2211 δαπανᾶν
2243 2150 2383 2224 τους

360 2237 747 2320 ὀρεγομένους
801 2238 1036 2320 ἀρετης·
1098 2238 1199 2301 καὶ
1252 2239 1442 2301 πόνον
1506 2236 1613 2318 μὲν
1675 2237 1785 2317 τὴν
1849 2240 2186 2319 γυμνασίαν
2239 2233 2384 2319 εἷπε,

363 2329 638 2407 δαπάνην
685 2326 750 2389 δὲ
792 2327 903 2407 τὴν
947 2328 1366 2408 ἱπποτροφίαν.
1431 2321 1595 2411 (Hes,
1637 2326 1703 2389 Ο.
1735 2332 1798 2388 et
1832 2329 1906 2387 D.
1945 2322 2132 2412 289)·

537 2426 641 2497 τῆς
686 2415 894 2497 ἀρετῆς
941 2418 1159 2498 ἱδρῶτα
1202 2415 1384 2493 θε<οὶ
1427 2417 1836 2498 προπάροιθεν
1880 2414 2176 2497 ἔθηκαν)

362 2507 417 2565 d.
463 2504 528 2567 τὸ
584 2504 976 2588 ἀγωνίζεσθαι
1028 2505 1140 2567 οὐκ
1182 2504 1349 2578 ἐκτός
1394 2504 1513 2565 ἐστι
1564 2506 1854 2566 κινδύνου
1899 2503 1998 2565 διὰ
2041 2503 2107 2566 τὸ
2154 2503 2381 2585 ἄδηλον
2409 2526 2461 2567 25

361 2604 467 2675 τῆς
509 2594 705 2674 τύχης.
796 2593 861 2655 ol
900 2591 963 2655 δὲ
1019 2592 1290 2675 λέγουσιν
1345 2593 1436 2655 ὅτι
1489 2592 1630 2673 μετὰ
1683 2594 1968 2655 κινδύνου
2023 2592 2298 2672 ἐνίκησεν
2348 2592 2380 2655 ὅ

364 2681 753 2762 υμνούμενος.

504 2773 655 2831 368..
710 2770 1027 2833 κινδύνω
1060 2769 1624 2851 κεκαλυμμένον.
1661 2768 1809 2851 πρὸς
1844 2768 1954 2848 τὴν
1989 2770 2190 2849 νίκην·
2233 2768 2380 2849 άδη-

364 2864 466 2932 λος
510 2859 620 2939 γάρ
664 2856 823 2920 ἔστιν
867 2860 1017 2939 αὕτη
1063 2866 1186 2933 τοῖς
1232 2856 1700 2941 ἀγωνιζομένοις.

510 3054 538 3102 1
578 3048 696 3102 ΕΜ
730 3054 851 3117 441,
884 3054 965 3103 13.
1040 3048 1168 3102 Hes.
1206 3047 1467 3118 θάλαμος

510 3233 538 3281 1
578 3228 951 3282 καταλύονται
991 3228 1026 3281 Ε
1171 3232 1202 3280 2
1242 3224 1333 3281 ὅτε
1373 3227 1404 3280 Ι)
1443 3223 1551 3293 (ὅτι
1588 3226 1647 3280 et
1683 3224 2183 3317 Ε)11συνέργονται
2217 3224 2307 3282 (lu

369 3304 401 3353 ὅ
440 3293 605 3362 ἆλσος
640 3299 729 3354 Aac
883 3303 915 3351 8
953 3295 1095 3367 ὑψίγ
1094 3317 1199 3352 υον
1355 3303 1419 3350 11
1458 3297 1494 3351 l.
1534 3296 1710 3361 πόνος
1747 3296 1978 3353 δαπάνα
2013 3316 2072 3351 τε
2109 3296 2389 3423 μάῗναται

370 3369 499 3424 add.
542 3372 577 3425 Ε
722 3375 791 3423 14
826 3368 1146 3438 ἡ-πόνος
1182 3384 1288 3423 om.
1332 3370 1367 3423 Ε
1393 3371 1413 3437 ΙΙ
1451 3368 1913 3443 κεκαλ(λ)υμμένῳ
1945 3370 2078 3425 ERV
2105 3371 2124 3439 ΙΙ
2153 3389 2179 3425 ε
2202 3388 2313 3425 πον
2355 3372 2390 3425 Ε

513 3445 580 3495 15
618 3440 824 3509 ἄδηλος
859 3456 915 3494 νε
956 3440 1166 3509 ἄδηλον
1316 3445 1384 3492 22
1422 3441 1551 3509 post
1589 3439 1716 3509 ὀρεγ
1721 3424 1955 3510 ομένόυς
1987 3456 2097 3495 rae.
2139 3447 2169 3495 2
2208 3440 2318 3495 litt.

371 3516 439 3566 24
475 3511 650 3583 θε<οὶ
686 3512 815 3564 cetb.
812 3510 860 3593 >
901 3512 958 3565 Ι).
995 3459 1197 3565 θετέον
1235 3511 1293 3566 Α.
1351 3510 1641 3579 Ft.p1ura
1679 3512 2004 3567 exciderunt
2124 3518 2191 3567 28
2229 3532 2392 3567 κεκα-

368 3581 638 3651 λυμμένος
673 3582 732 3649 Α,
768 3580 857 3635 bis
895 3598 995 3637 scr.
1679 3626 1682 3633 .
