2646 3882
964 223 1183 293 Olymp.
1213 223 1291 277 VI
1331 229 1626 278 159—170
2172 224 2301 289 193

419 394 542 452 163
567 412 619 451 a.
686 390 774 471 μὴ
822 392 1156 471 θραύσοιε
1203 388 1235 452 6
1271 390 1679 473 ἐπιγινόμενος
1715 391 1923 473 χρόνος
1968 390 2073 453 τὸν
2119 390 2298 472 ὄλβον
2324 411 2359 455 Α

279 480 478 542 αὐτῶν
533 479 614 560 μὴ
669 481 922 559 θραύοι,
984 480 1335 542 τούναντίον
1382 478 1455 541 ’δὲ
1510 480 1678 542 αὐτοὶ
1727 526 1783 541 ..
1814 529 1826 541 .
1858 497 1899 541 .·
1963 489 2136 543 τοῦτο
2190 482 2303 562 γάρ
2424 483 2430 489 ’

278 593 437 642 τινες
484 567 943 649 συνεκδέχονται.
1077 569 1132 628 b.
1182 568 1262 648 μὴ
1308 569 1601 651 ταράσσοι.

422 661 546 718 163
569 678 615 719 ο.
681 657 771 737 μὴ
813 658 1123 739 θραύσοι
1157 657 1413 739 χρόνος
1452 657 1691 736 ὄλβονε
1738 655 1770 719 6
1807 657 1979 739 λόγος
2014 658 2301 732 εὐκτικός·
2334 677 2506 733 aueo

226 770 254 811 ⁶
285 746 366 826 μὴ
415 746 490 824 δὴ
538 738 678 824 οὖν,
734 739 781 807 ὦ
828 744 992 826 θεοὶ,
1045 748 1307 827 θραύσοι
1350 746 1451 807 καὶ
1496 745 1782 825 ἀφανίσοι
1825 746 2011 809 αὐτοῦ
2054 746 2166 825 τὴν
2211 746 2305 809 εύ-

282 835 602 915 δαιμονίαν
658 832 690 896 6
747 834 969 916 μακρὸς
1022 835 1262 916 χρόνος,
1321 833 1467 896 ἀλλὰ
1526 836 1997 917 φιλοφροσύναις
2054 835 2156 897 καὶ
2208 834 2307 897 εύ-

280 925 533 1004 θυμίαις
587 922 923 1004 ἐπεράστοις
969 924 1059 1003 εἴη
1105 924 1212 986 τὸν
1247 920 1487 1005 Ἱέρωνα
1544 924 1609 986 τὸ
1655 934 1761 986 τοῦ
1807 925 2080 1007 Ἀγησίου
2124 923 2307 1006 ἐγκώ-

282 1010 423 1093 μιον
472 1011 772 1087 δέξασθαι.
1651 1066 1656 1071 .

421 1103 567 1162 165.
633 1102 763 1162 σὺν
833 1098 906 1163 δὲ
974 1101 1591 1182 φιλοφροσύναιςε
1661 1102 1748 1163 ὅτι
1809 1102 1981 1180 φίλος
2032 1097 2366 1184 Ἀγησίας-Α

206 1213 260 1254 10
279 1187 545 1272 Ἱέρωνος
590 1189 693 1251 καὶ
737 1190 966 1271 μάντις·
1016 1185 1084 1263 ὃς
1128 1188 1402 1276 ἀνῃρέθη
1441 1184 1703 1272 Ἱέρωνος
1748 1189 2198 1265 καταλυθέντος.

423 1282 564 1340 166.
626 1277 902 1353 δέξαιτο
955 1288 1220 1359 κῶμονε
1275 1278 1340 1340 τὸ
1393 1288 1499 1341 τοῦ
1538 1273 1817 1361 Ἀγησίου
1869 1277 2159 1361 ἐγκώμιον
2205 1278 2362 1345 δέ-ο

285 1371 446 1442 ξαιτο
495 1365 527 1429 6
568 1364 782 1447 Ἱέρων.

424 1460 620 1518 1678..
686 1456 982 1518 οἴκοθεν
1028 1455 1300 1519 οἴκαδεε
1359 1456 1447 1518 ὅτι
1484 1450 1697 1539 Ἀρκὰς
1749 1456 1849 1519 καὶ
1894 1459 2308 1538 Συρακούσιος
2336 1478 2506 1534 aceo

287 1543 318 1607 6
360 1540 652 1626 Ἀγησίας.
799 1546 856 1605 b.
904 1543 936 1607 6
985 1542 1048 1606 δὲ
1093 1555 1265 1618 νοῦς·
1307 1546 1318 1622 Ι
1360 1547 1579 1608 οἰκεῖον
1625 1544 1765 1608 ὄντα
1808 1545 1910 1608 καὶ
1955 1546 2067 1608 οὐκ
2113 1545 2281 1608 ἄλλό·
2310 1567 2522 1624 acuto

204 1656 258 1698 15
284 1656 463 1715 τριον.
603 1654 649 1696 ο.
696 1634 853 1696 ἴδιον
907 1632 967 1708 ἐξ
1014 1634 1200 1696 ἰδίων.
1292 1635 1349 1696 εἰ
1393 1634 1505 1717 γὰρ
1560 1634 1660 1696 καὶ
1717 1633 1781 1696 ἕν
1825 1637 2068 1721 Σικελίᾳ
2123 1636 2308 1698 οἰκεῖν
2346 1655 2470 1712 8Εο

287 1724 456 1785 δοκεῖ
511 1720 543 1784 6
602 1716 908 1804 Ἀγησίας,
973 1723 1131 1804 ὅμως
1193 1722 1257 1785 ἐκ
1317 1723 1536 1805 μητρὸς
1590 1718 1800 1805 Ἀρκάς
1858 1723 2045 1804 ἔστιν,
2116 1725 2309 1807 ὥσπερ

286 1809 527 1893 ἐδείχθη
575 1809 846 1892 ἀνωτέρω
894 1805 1051 1895 (129
1075 1806 1153 1895 e).

423 1900 626 1962 167d.
708 1898 842 1964 ἀπὸ
906 1901 1418 1982 Στυμφαλίωνε
1491 1899 1557 1963 ἐκ
1618 1910 1725 1965 τοῦ
1787 1902 2159 1982 Στυμφήλου
2223 1903 2369 1976 elga

285 1991 681 2070 Συρακούσας
735 1989 948 2070 πέμπει
1000 1990 1103 2052 τὸν
1158 1992 1368 2070 ὕμνον.
1479 1991 1833 2073 μητρόπολις
1889 1989 1953 2053 δὲ
1996 1986 2310 2072 Ἀρκαδίας

206 2102 260 2141 80
290 2075 329 2156 ἡ
377 2080 759 2158 Στύμφηλος.

426 2170 550 2227 168
573 2187 625 2227 a.
703 2168 1290 2248 ποτινισόμενονε
1355 2168 1845 2250 παραγινόμενον.
2006 2170 2062 2230 b.
2120 2167 2153 2231 6
2208 2165 2272 2229 δὲ
2308 2190 2526 2246 Bouto

286 2264 434 2329 νοῦς
495 2265 785 2330 τοιοῦτος·
848 2255 1073 2331 δέξαιτο
1122 2254 1154 2318 6
1190 2252 1390 2338 Ἱέρων
1449 2255 1565 2319 ἀπὸ
1620 2266 1725 2337 τῆς
1782 2250 2095 2338 Ἀρκαδίας
2149 2256 2313 2339 ἐρχό-

289 2367 472 2422 μενον
523 2347 626 2407 τὸν
682 2345 876 2424 ὕμνον
928 2345 1030 2407 καὶ
1081 2346 1477 2408 καταλιπόντα
1529 2344 1638 2424 τὴν
1694 2347 2063 2426 Στύμφηλον
2116 2345 2312 2425 πόλιν,

288 2434 329 2513 ἥ
375 2432 497 2495 ἐστι
543 2433 900 2515 μητρόπολις
944 2443 1050 2514 τῆς
1095 2434 1357 2514 εύμῆλου
1396 2430 1730 2517 Ἀρκαδίας,
1773 2434 1874 2496 καὶ
1912 2435 1997 2509 εἰς
2032 2436 2313 2497 Σικελίαν

207 2545 261 2586 26
287 2523 776 2604 παραγινόμενον.

429 2614 626 2672 1708..
692 2610 961 2693 ἀγαθαὶ
1015 2610 1088 2673 δὲ
1147 2611 1508 2675 πέλονταιε
1564 2611 1789 2694 ἀγαθαὶ
1846 2610 1938 2694 δέ,
1984 2623 2171 2693 φησι,
2210 2612 2372 2679 καὶΑ

433 2824 500 2873 19
539 2821 597 2873 et
633 2824 702 2872 24
748 2818 844 2872 cfr.
885 2818 998 2874 soh.
1038 2820 1078 2873 V
1117 2823 1276 2889 1443

435 3040 481 3088 1.
503 3039 536 3087 2
573 3042 686 3088 τῶν
725 3032 786 3088 ὄλ
825 3053 904 3088 ων
942 3031 1113 3087 αὐτὸν
1151 3033 1242 3088 Α“’
1404 3038 1435 3086 2
1480 3033 1663 3104 αὐτοὶ]
1704 3031 1859 3086 ἄλλοι
1896 3031 1965 3101 ej.
2004 3033 2316 3088 Mommsen

292 3104 474 3174 suppl.
511 3123 566 3175 p.
599 3110 682 3159 66.
803 3104 1074 3159 onieoeris
1111 3102 1299 3170 αὔξοις
1339 3103 1438 3157 sed
1474 3103 1638 3174 plura
1675 3103 1949 3158 excidisse
1984 3105 2246 3160 videntm:

292 3181 326 3228 4
363 3175 706 3246 μὴ--λόγος
743 3193 850 3231 om.
893 3178 928 3230 D
1075 3180 1108 3229 5
1147 3169 1190 3229 ὦ
1227 3191 1335 3230 om.
1369 3177 1404 3230 Ε
1564 3181 1631 3229 14
1668 3173 1698 3228 ὁ
1732 3171 1862 3246 Ἀγ.]
1899 3169 1971 3245 ’ἦν
2009 3175 2039 3230 ὁ
2066 3174 2166 3246 Hy.
2209 3178 2245 3231 Ε

296 3251 362 3299 15
399 3245 575 3308 ἄλλως
611 3249 763 3317 (ante
792 3246 962 3318 ἴδιον)
1001 3247 1128 3301 add.
1162 3247 1251 3303 En
1305 3243 1343 3314 ἢ
1380 3246 1509 3300 add.
1539 3261 1571 3300 v
1598 3247 1617 3316 ΙΙ
1646 3247 1717 3327 εί]
1758 3246 1818 3301 ἐν
1858 3246 1893 3301 Ε
2009 3253 2091 3302 15.
2116 3251 2181 3301 16
2220 3251 2318 3304 δο-

293 3324 383 3370 κεῖ
416 3318 590 3373 οἰκεῖν
630 3320 711 3373 Βν
824 3324 889 3372 16
928 3321 1117 3374 δοκεῖν
1156 3319 1191 3373 Ε
1304 3322 1368 3370 19
1406 3315 1610 3388 πέμπει
1646 3334 1739 3370 le
1777 3333 2001 3385 sanum3
2038 3317 2102 3373 st.
2133 3336 2317 3386 παρα-

291 3387 588 3458 γινόμενον
613 3391 634 3458 ΙΙ
660 3387 863 3460 ὕμνον]
901 3397 1088 3458 κῶμον
1115 3388 1313 3443 mallet
1354 3390 1384 3443 h
1530 3393 1595 3442 21
1633 3389 1672 3443 1.
1703 3391 1761 3443 et
1785 3408 2052 3458 παραγιν.
2093 3406 2199 3443 om.
2233 3392 2270 3445 D
2298 3389 2319 3458 ΙΙ

289 3459 753 3528 παραγενόμενον
783 3462 911 3515 Βων
938 3462 957 3529 ΙΙ
982 3479 1188 3529 παραγ.
1211 3491 1278 3500 --
1300 3465 1367 3513 22
1394 3468 1646 3522 τοιοῦτος
1673 3477 1780 3514 om.
1808 3461 1845 3516 G
2000 3465 2067 3513 22
2098 3458 2319 3524 δέξαιτο

292 3548 399 3584 om.
435 3534 470 3585 Ε
589 3535 656 3583 23
694 3530 1034 3600 Στύμφυλον
1064 3533 1099 3587 Ε
1219 3536 1287 3584 24
1322 3529 1382 3601 ἦ]
1422 3529 1542 3602 ἥτις
1571 3534 1652 3587 Βν
1679 3533 1699 3601 ΙΙ
1726 3527 1993 3586 Σικελίαν
2032 3533 2089 3585 b:
2125 3527 2319 3597 Ἀρκα-

291 3599 427 3657 δίαν
459 3601 655 3657 80Εο
692 3617 799 3655 om.
831 3603 867 3657 G
1005 3607 1072 3656 25
1109 3601 1567 3672 παραγενόμενον
1597 3605 1635 3658 D

400 3699 576 3741 Senot..
604 3709 657 3740 nst
682 3699 947 3741 Pnuumnt
975 3701 1044 3741 ed.
1072 3701 1452 3743 Brachmann.
1512 3738 1517 3744 .
1933 3693 1997 3742 13
