2646 3882
940 206 1158 276 Olymp.
1187 206 1316 261 VIII
1354 212 1616 261 91-101
2167 206 2294 270 261

268 373 496 453 πράξας
540 378 613 459 τῇ
660 371 876 435 ἑαυτοῦ
920 372 1253 455 προαιρέσει
1278 370 1516 452 Ἅιδου,
1561 371 1820 434 τουτέστι
1862 383 1968 434 τοῦ
2006 372 2300 451 θανάτου,

269 463 472 541 λήθην
520 462 832 541 λαμβάνει·
875 459 918 541 ἤ
964 464 1082 525 πού
1127 484 1192 544 γε
1235 472 1354 523 τῶν
1399 460 1599 535 ἅπλῶς
1644 461 1793 523 κατὰ
1829 463 2017 541 φύσιν
2054 460 2299 542 ὄχλούν-

271 575 388 613 των
435 550 618 613 οἱονεὶ
662 550 727 612 τὸ
775 551 1082 631 φρόνημα·
1138 552 1380 630 τοιαύτη
1425 550 1537 633 γὰρ
1574 548 1622 630 ἡ
1669 560 1774 630 τῆς
1829 552 2159 630 φαντασίας
2206 550 2296 612 εὖ·

270 641 490 721 πραξία
533 646 658 712 τοῖς
703 630 771 700 εὖ
818 641 1192 719 πράττουσιν.

215 751 241 790 5
408 732 512 790 97.
577 723 723 790 ἀλλ’
764 726 879 809 ἐμὲ
925 729 1052 810 χρὴ
1091 730 1588 809 μναμοσύνανε
1633 726 1731 808 έμὲ
1768 731 1975 791 τοίνυν
2014 728 2125 810 χρὴ
2161 727 2270 807 τὴν
2300 747 2505 802 acuto

272 817 522 899 μνήμην
579 817 957 899 ἀνεγείροντα
1017 818 1210 899 ὥσπερ
1274 824 1667 898 κοιμηθεῖσαν
1730 816 1830 879 καὶ
1895 822 2302 896 σιωπηθεῖσαν

277 906 487 968 λοιπὸν
536 900 715 990 (λέγει
761 904 824 967 δὲ
870 916 988 967 τῶν
1033 907 1348 989 προγόνων
1402 908 1615 985 αὐτοῦ,
1671 905 1883 979 οἵτινές
1928 907 2045 968 εἰσι
2083 910 2302 984 Βλεψι-

269 996 413 1057 άδαι
477 996 631 1057 οὕτω
695 997 1053 1076 καλούμενοι
1109 1043 1166 1056 ..
1197 989 1240 1080 .)
1305 996 1461 1058 οὕτω
1518 995 1623 1058 τὸν
1684 996 1769 1068 εἰς
1829 994 2048 1068 αὐτοὺς
2108 995 2302 1073 ὕμνον

269 1090 577 1166 πληρῶσαι
635 1084 1034 1167 διηγούμενον
1091 1084 1195 1147 τὸν
1252 1095 1372 1146 τῶν
1430 1094 1640 1166 χειρῶν
1700 1084 1897 1145 αὐτῶν
1955 1082 2214 1165 καρπὸν,
2272 1084 2306 1145 ὅ

191 1195 244 1235 10
273 1172 432 1236 ἔστιν
475 1170 516 1252 ἡ
562 1174 726 1252 νίκη·
789 1172 1082 1255 ἀνεγεῖραι
1129 1171 1192 1235 δὲ
1235 1165 1347 1252 τὴν
1386 1174 1639 1254 μνήμην
1683 1182 1801 1235 τῶν
1846 1173 2157 1253 προγόνων
2206 1172 2304 1233 διὰ

277 1272 395 1325 τῶν
441 1271 549 1324 τοῦ
590 1256 1032 1342 Ἀλκιμέδοντος
1077 1264 1457 1343 νικητηρίων.
1528 1262 1880 1340 Βλεψιαδῶν
1912 1260 1993 1323 “δὲ
2039 1258 2200 1340 φυλὴ
2240 1259 2304 1321 ἐν

278 1352 501 1437 Αῡγίνῃ
547 1350 665 1413 ἀπὸ
710 1353 1055 1430 Βλεψιάδου
1099 1352 1401 1434 προγόνου
1443 1346 1901 1431 Ἀλκιμέδοντος.
1967 1374 2045 1414 101
2064 1369 2096 1412 ε

414 1445 516 1502 99.
580 1441 1060 1517 Βλεψιάδαιςε
1124 1442 1455 1518 Βλεψιάδαι
1507 1438 1547 1520 ἡ
1602 1442 1823 1522 φατρία
1877 1440 2073 1502 αὐτῶν
2127 1438 2363 1518 έστιν,Α

276 1522 362 1590 ὧν
406 1524 490 1603 εἷς
536 1528 831 1611 ἀπόγονος
877 1528 910 1591 ὁ
955 1530 1220 1609 νικήσας.
2014 1568 2023 1580 ,

73 1670 82 1677 .
191 1639 244 1680 ιε
410 1623 555 1680 100.
619 1616 820 1692 ἕκτος
876 1613 983 1693 οἷς
1033 1617 1171 1699 ἤδη
1227 1617 1607 1698 στέφανοςε
1675 1613 1884 1681 οἷστισι
1934 1618 2300 1696 Βλεψιάδαις
2329 1635 2492 1691 ento

272 1706 371 1768 καὶ
419 1695 466 1792 ᾧ
509 1706 667 1789 γένει
711 1706 878 1781 ἕκτος
922 1707 1146 1789 ὑπῆρξε
1193 1707 1483 1787 στέφανος
1526 1706 1647 1787 ήδη
1693 1707 1758 1768 ἐκ
1802 1717 1921 1769 τῶν
1958 1708 2131 1788 ἱερῶν
2167 1708 2305 1769 τού-

272 1820 390 1857 των
436 1795 702 1878 ἀγώνων.
767 1818 820 1860 95
835 1814 867 1858 ε

413 1888 535 1948 101
561 1907 613 1948 a.
689 1885 1165 1968 φυλλοφόρων
1221 1880 1334 1947 ἀπ’
1376 1884 1694 1968 ἀγώνωνε
1758 1883 1889 1965 ἤτοι
1940 1884 2098 1946 καθὸ
2156 1886 2219 1947 οἷ
2251 1901 2500 1958 moneo

279 1984 556 2048 νικῶντες
620 1974 1158 2055 ἕφυλλοβολοῦντο·
1221 1973 1262 2054 ἢ
1318 1977 1514 2054 φύλλα
1576 1976 1715 2048 τοὺς
1778 1976 2106 2053 στεφάνους
2161 1969 2305 2052 εἶπε,

194 2085 249 2124 20
279 2063 601 2143 διακρίνων
661 2063 875 2136 αὐτοὺς
930 2063 1080 2144 πρὸς
1125 2065 1264 2137 τοὺς
1311 2065 1560 2145 δωρίτας
1613 2063 1715 2125 καὶ
1760 2066 2125 2145 χρηματίτας.

274 2154 330 2212 b.
388 2153 668 2230 φυλλίναι
733 2153 798 2214 οἰ
857 2159 1222 2232 στεφανῖται·
1289 2153 1529 2234 δωρῖται
1596 2154 1660 2214 οἷ
1718 2151 1949 2232 θέματα
2014 2152 2299 2224 διδόντες·
2329 2170 2359 2213 Α

275 2239 581 2320 ἀργυρῖται
628 2242 692 2303 οῖ
730 2239 958 2321 ἔχοντες
1003 2252 1185 2322 χρυσᾶ
1233 2235 1408 2302 ἆθλα.

423 2391 641 2439 21—22
698 2384 838 2439 Poll.
872 2391 930 2453 3,
962 2391 1080 2439 153.
1136 2385 1266 2439 Hes,
1305 2382 1568 2454 φυλλίναι
1618 2386 1843 2455 ἀγῶνες.
1909 2385 2038 2439 Lex,
2075 2386 2304 2439 Baohm.

275 2461 399 2523 410,
421 2461 470 2510 9.
526 2457 640 2510 ΕΜ
678 2461 800 2522 802,
823 2462 906 2511 38.
946 2489 1016 2496 -
1052 2456 1199 2511 Plut.
1238 2473 1423 2526 praee.
1462 2473 1577 2526 ger.
1616 2457 1754 2525 reip.
1786 2462 1851 2509 27
1890 2474 1944 2524 p.
1975 2461 2079 2510 820

424 2596 451 2644 1
490 2599 590 2644 τοῦ
620 2607 726 2644 om.
760 2592 800 2645 Β
948 2597 979 2643 2
1003 2607 1121 2660 sqq.
1163 2607 1331 2644 sensu
1359 2607 1544 2656 cassa3
1582 2584 1617 2658 ἦ
1644 2590 1757 2644 πού
1787 2609 1847 2659 γε
1878 2631 1925 2643 ..
1950 2630 1961 2641 .
1994 2588 2305 2658 ὀχλούντων

276 2659 534 2732 ὑπερέχει
559 2661 622 2714 τὸ
653 2681 768 2730 φρ.,
795 2664 918 2715 tum
941 2682 1107 2729 φαντ.
1130 2659 1381 2731 ἐνέργεια
1401 2665 1511 2716 κτλ.
1533 2660 1708 2728 Beck3
1742 2659 1995 2729 ὀλιγωρεῖ
2008 2677 2110 2728 pro
2132 2659 2306 2714 οἱονεὶ

276 2731 344 2801 cj.
368 2732 676 2787 Schroeder
776 2739 808 2786 2
839 2729 895 2803 ἢ]
917 2733 969 2787 εἰ
988 2733 1029 2789 ss
1055 2736 1074 2803 ΙΙ
1100 2732 1246 2787 κατὰ
1267 2734 1381 2788 BE:
1411 2735 1509 2787 καὶ
1537 2732 1681 2786 κατὰ
1700 2731 1738 2787 c
1754 2734 1791 2787 D
1809 2731 1850 2789 ss
1877 2731 2052 2800 (prob.
2076 2730 2305 2785 Solu-oe-

276 2804 395 2874 ἀοῖ)
580 2809 627 2857 3.
650 2809 684 2856 4
731 2802 1036 2872 εὐπραξίας
1073 2801 1360 2873 φαντασία
1400 2802 1543 2860 01)ss
1589 2800 1927 2874 (φαντασίας
1972 2805 2103 2856 ante
2147 2803 2302 2870 εὐπρ.

276 2875 384 2929 del.
417 2874 503 2946 ss);
542 2875 699 2945 prob.
731 2874 1039 2928 Schroeder
1164 2881 1196 2928 5
1234 2875 1339 2945 χρὴ
1376 2871 1571 2930 τοίνυν
1601 2875 1743 2931 cut
1867 2879 1899 2926 6
1937 2870 2303 2942 ἀνεγείραντα

275 2946 316 3004 ss
358 2949 378 3016 ΙΙ
422 2950 771 3016 κομηθεῖσαν
820 2948 857 3002 Ε
1027 2951 1056 2999 7
1105 2944 1249 3015 λέγει
1270 2978 1337 2986 -
1361 2952 1392 2999 8
1438 2946 1774 3014 καλούμενοι
1822 2944 2005 2998 aheno
2050 2945 2174 2998 1000
2220 2945 2305 2998 in-

274 3020 422 3072 serta
579 3023 609 3071 7
655 3020 786 3086 post
823 3018 997 3072 αὐτοῦ
1035 3017 1163 3071 add.
1205 3017 1302 3072 διὰ
1351 3026 1464 3072 τῶν
1500 3025 1600 3070 τοῦ
1632 3013 2046 3084 Ἀλκιμέδοντος
2082 3036 2304 3086 νικητη-

274 3086 409 3156 ρίων
430 3090 485 3157 Ε,
515 3089 615 3142 sed
645 3088 752 3142 del.
846 3094 878 3142 8
908 3088 1012 3142 lac.
1034 3088 1282 3142 indicavi
1383 3095 1413 3142 9
1446 3087 1811 3158 διηγούμενος
1841 3086 1982 3142 1)Εο
2008 3089 2026 3155 ΙΙ
2057 3083 2109 3157 ὅ]
2140 3085 2202 3148 ὅς
2223 3088 2304 3141 Βν

418 3165 486 3214 10
523 3157 657 3216 νίκα
698 3161 733 3214 Ε
761 3162 780 3229 ΙΙ
806 3158 1029 3228 μνήμην
1059 3161 1124 3214 B:
1169 3157 1335 3228 νίκην
1365 3159 1559 3216 01)Εο
1614 3156 1833 3228 μνήμην
1869 3154 1905 3226 ἢ
1940 3157 2042 3227 τὴν
2080 3155 2244 3225 νίκην
2272 3173 2304 3212 ν

419 3235 481 3286 11
524 3229 587 3286 δὲ
625 3248 732 3285 om.
775 3233 812 3286 Ι)
963 3238 1028 3284 15
1079 3229 1234 3292 ἕκτος
1272 3248 1379 3284 om.
1422 3232 1511 3285 DE
1668 3235 1732 3282 19
1772 3238 1975 3283 νικῶντ
2006 3251 2033 3292 ς
2070 3228 2302 3296 §mvne-

275 3303 540 3372 βολοῦντο
562 3301 729 3358 GEU:
759 3322 866 3356 νικ.
890 3301 1320 3372 ἐλιθοβολοῦντο
1352 3303 1392 3356 Β
1431 3321 1538 3355 νικ.
1570 3301 2056 3369 ἐφυλλοφοροῦντο
2088 3301 2125 3354 Ι)
2166 3303 2304 3368 φυλ-

271 3375 646 3440 λοφοροῢντες
673 3373 717 3430 Α
745 3374 872 3443 (om.
893 3375 1023 3442 νικ.)
1124 3379 1192 3426 20
1221 3372 1445 3440 πρὸς-
1460 3370 1797 3442 χρηματίτας
1824 3387 1929 3424 om.
1954 3373 1990 3425 D
2020 3371 2039 3439 ΙΙ
2067 3367 2306 3438 ὃωρίτας

272 3443 396 3500 AG:
427 3442 704 3511 δωριήτας
723 3443 857 3501 8ον
886 3446 1046 3514 (cort.
1067 3443 1240 3516 Beck)
1266 3441 1545 3512 δωρηίτας
1564 3444 1601 3498 Ε
1627 3444 1647 3532 fl
1673 3443 1769 3496 καὶ
1799 3459 1906 3496 om.
1931 3442 1966 3495 Ε
1994 3443 2012 3508 ΙΙ
2039 3437 2302 3509 χρηματί-

269 3535 373 3578 τας
408 3514 476 3571 A:
517 3514 886 3586 χρηματιστὰς
923 3516 1148 3586 ἀγῶνας
1183 3517 1222 3571 V
1369 3521 1434 3569 21
1476 3516 1740 3583 φυλλιναι
1778 3529 1882 3582 ego
1922 3511 2038 3580 (cfr.
2080 3507 2303 3562 Lobeok

269 3585 434 3658 proll.
472 3603 526 3653 p.
559 3589 708 3656 213):
748 3590 1013 3655 φυλλῖδαι
1039 3589 1083 3642 Α
1131 3590 1389 3656 φυλλῖται
1421 3588 1451 3640 b
1482 3588 1500 3654 ΙΙ
1527 3583 1751 3652 θέματα
1782 3586 1839 3638 h:
1870 3579 2163 3648 θρέμματα
