2646 3882
354 236 483 300 124
1248 235 1473 290 Scholia.

142 421 349 478 Βοοεο
489 406 570 463 67
594 424 641 464 e.
706 401 822 482 ἐμὲ
879 397 937 463 δ’
979 396 1073 464 ὦν
1127 424 1245 463 παι
1309 401 1634 483 ἀμφότεροι
1696 403 1759 464 οἱ
1818 402 2138 481 σύνδεσμοι
2190 423 2380 484 παρα-

351 492 807 573 πληρωματικοὶ,
851 491 951 553 καὶ
996 491 1061 552 ἐν
1107 497 1208 576 τῷ,
1259 491 1505 571 Θήρωνί
1543 486 1596 552 τ’
1637 490 1856 570 ἐλθεῖν,
1904 488 1936 552 ὁ
1981 489 2058 552 τέ.

293 599 325 643 Α
488 583 569 641 68
592 603 645 642 a.
701 575 1186 661 Ἐμμενίδαιςτ
1235 574 1582 660 Ἐμμενίδαι
1635 579 1898 662 λέγονται
1953 581 2018 641 οἱ
2065 579 2200 661 περὶ
2258 579 2382 658 Θή-

351 694 543 751 ρωνα,
606 669 687 743 ὡς
750 667 860 749 μὲν
928 671 990 732 οἱ
1045 668 1819 751 προὺπομνηματισάμενοι,
1883 667 1998 736 ἀπὸ
2049 659 2382 749 Ἐμμένους

350 759 512 832 τινὸς
558 769 665 821 τοῦ
711 758 821 837 τὴν
872 759 1207 840 Φαλάριδος
1252 759 1578 838 τυραννίδα
1631 757 2008 831 καθελόντος.
2098 751 2178 837 ἦν
2231 755 2295 818 δὲ
2343 755 2376 818 ὅ
2431 779 2457 820 5

347 841 643 928 Ἐμμένης
684 848 1025 928 Τηλεμάχου
1070 853 1233 926 παῖς,
1278 840 1355 909 οὗ
1399 848 1621 929 γίνεται
1657 848 2092 927 Αἰνησίδαμος,
2138 840 2212 909 οὗ
2254 845 2377 925 Θή-

352 961 496 1019 ρων,
543 931 617 999 οὗ
669 937 1043 1018 Θρασυδαῖος
1088 935 1188 997 καὶ
1238 937 1623 1017 Φιλοκράτης.

142 1043 351 1100 acuto
490 1027 648 1086 68b.
717 1019 1199 1106 Ἐμμενίδαις;
1257 1019 1604 1105 Ἐμμενίδαι
1679 1026 1898 1107 φατρία
1964 1023 2251 1105 Θήρωνος
2314 1022 2381 1085 έν

350 1115 610 1200 Σικελίᾳ.
748 1135 793 1176 ο.
841 1112 991 1195 λέγει
1036 1112 1099 1175 δὲ
1137 1120 1260 1187 τοῖς
1302 1107 1795 1196 Ἀκραγαντίνοις.
1930 1115 1984 1174 d.
2036 1113 2381 1193 Τηλεμάχου

352 1205 786 1277 καταλύσαντος
858 1201 961 1264 τὸν
1027 1211 1145 1264 τῶν
1204 1197 1674 1285 Ἀκραγαντίνων
1746 1203 2041 1284 τύραννον
2115 1202 2381 1283 Φάλαριν
2412 1225 2465 1264 10

351 1299 492 1366 παῖς
546 1293 768 1373 γίνεται
815 1287 1204 1372 Ἐμμενίδης,
1262 1286 1337 1353 οὗ
1392 1293 1832 1371 Αἰνησίδαμος,
1887 1285 1962 1353 οὗ
2013 1291 2229 1373 Θήρων
2282 1290 2382 1352 καὶ

352 1379 745 1462 Ξενοκράτης·
799 1381 1083 1461 Θήρωνος
1129 1378 1192 1442 δὲ
1234 1382 1632 1462 Θρασυδαῖος,
1668 1379 2069 1463 ,Ξενοκράτους
2117 1377 2180 1440 δὲ
2223 1381 2381 1461 Θρα-

352 1471 663 1550 σύβουλος.

280 1568 357 1621 8⁸¹
495 1563 595 1619 71.
663 1552 1141 1641 (πλείσταισιε)
1187 1557 1688 1639 πεπληρωμέναις.

146 1663 355 1721 Beato
495 1651 575 1707 72
599 1668 649 1708 a..
717 1648 987 1722 ξενίαις
1023 1645 1461 1728 έποίχονταιε
1509 1646 1598 1708 ὅτι
1633 1644 1672 1726 ἡ
1707 1645 1992 1729 γινομένη
2030 1646 2217 1707 θυσία
2253 1651 2377 1719 τοῖς
2411 1668 2464 1710 15

353 1738 743 1815 Διοσκούροις
806 1735 1076 1815 ξενισμὸς
1130 1733 1367 1818 λέγεται.
1510 1738 1567 1796 b.
1623 1742 1752 1809 ταῖς
1815 1735 2153 1817 γινομέναις
2211 1726 2377 1813 [οὖν]

350 1825 596 1897 θυσίαις
642 1829 766 1898 τοῖς
801 1826 1193 1905 Διοσκούροις
1237 1818 1343 1885 ὑπ’
1385 1823 1582 1886 αὐτῶν
1628 1823 1708 1898 ὡς
1755 1823 2014 1904 εὐσεβῶν
2061 1823 2264 1886 ὄντων.

354 1935 400 1977 c.
448 1912 651 2000 ἀγαθῇ
711 1903 873 1993 [οὖν]
938 1912 1145 2001 γνώμῃ
1210 1913 1309 1976 καὶ
1379 1914 1712 1994 συνειδήσει
1775 1915 1838 1977 οἷ
1880 1907 2225 1995 Ἐμμενίὸαι
2277 1911 2380 1987 τὰς

354 2005 575 2076 θυσίας
622 2002 714 2065 ἀεὶ
757 2008 1099 2085 πληροῦσιν.

237 2102 355 2155 ΑΒεῑ
493 2097 573 2153 72
596 2095 650 2153 d.
713 2091 743 2154 ἕ
750 2094 876 2154 ποί
882 2114 1152 2173 χονταιε
1198 2090 1331 2153 ἀντὶ
1372 2102 1478 2154 τοῦ
1524 2090 1897 2174 περιέπουσι,
1939 2101 2203 2171 τιμῶσιν.
2409 2114 2464 2154 20

356 2204 403 2244 e.
452 2182 515 2244 οἱ
530 2176 909 2261 ”Εμμενίδαι.

295 2289 327 2333 Α
493 2275 573 2331 74
596 2292 647 2332 a.
713 2270 1017 2344 τελετάςε
1054 2268 1095 2350 ἢ
1131 2279 1248 2331 τῶν
1278 2270 1667 2350 Διοσκούρων
1702 2267 1742 2349 ἢ
1779 2270 2019 2331 πάντων
2047 2278 2163 2331 τῶν
2199 2275 2379 2331 θεῶν.

440 2362 496 2421 b.
544 2358 768 2433 τελετὰς
815 2357 879 2422 δὲ
927 2370 1040 2421 νῦν
1085 2358 1188 2433 τὰς
1234 2357 1461 2441 ἑορτάς·
1509 2358 1582 2420 ού
1627 2357 1740 2440 γὰρ
1785 2358 1855 2421 τὰ
1903 2357 2085 2440 ὄργια.

299 2468 330 2511 Α
495 2452 575 2509 75
598 2471 649 2510 a.
711 2449 774 2510 εί
808 2443 868 2509 δ’
900 2447 1257 2527 ἀριστεύει
1296 2446 1447 2527 μένε
1486 2448 1540 2508 εἰ
1573 2447 1774 2518 ταῦτά,
1812 2465 1983 2526 φησι,
2021 2446 2383 2524 ἀνεπίληπτα

353 2538 456 2599 καὶ
502 2537 762 2618 φανερὰ,
818 2536 907 2598 ὅτι
960 2537 1025 2599 τὸ
1073 2534 1179 2617 μὲν
1226 2537 1388 2617 ὕδωρ
1435 2534 1675 2617 ἄριστόν
1721 2536 1869 2615 ἐστι,
1915 2544 2032 2596 τῶν
2079 2533 2141 2596 δὲ
2187 2532 2381 2596 ἄλλων
2409 2557 2464 2597 25

352 2627 613 2687 κτεάνων
676 2624 707 2686 ὁ
769 2624 1012 2706 χρυσὸς,
1073 2624 1175 2687 καὶ
1231 2624 1294 2686 τὸ
1355 2624 1489 2706 περὶ
1546 2634 1653 2687 τοῦ
1725 2625 2007 2706 Θήρωνος
2065 2622 2380 2704 λεγόμενον

355 2713 539 2793 σαφές
585 2714 773 2794 ἐστιν,
828 2714 918 2775 ὅτι
970 2725 1077 2776 τοῦ
1127 2710 1487 2794 Ὀλυμπικοῦ
1543 2712 1865 2794 τετυχηκὼς
1922 2712 2216 2789 στεφάνου
2261 2720 2379 2772 νῦν

502 2909 528 2956 1
566 2912 650 2956 πᾶ
691 2902 806 2959 Du:
843 2910 953 2957 παῖ
978 2904 1068 2959 ΒΕ
1107 2918 1212 2956 om.
1245 2903 1283 2959 G
1329 2904 1348 2972 ΙΙ
1404 2901 1458 2957 οἱ
1496 2903 1788 2972 σύνδεσμοι
1826 2899 2042 2956 ῦῠΕῠε
2082 2899 2381 2968 σύνδεσμοι

358 2973 413 3030 οἱ
451 2976 490 3029 Β
604 2981 649 3028 1.
674 2981 704 3028 2
743 2974 1313 3044 παραπληρωματικοὶ
1353 2973 1570 3030 ῦῠξῠε
1608 2972 2028 3042 πληρωματικὸς
2057 2972 2124 3026 Β1
2161 2973 2381 3039 πληρω-

356 3046 579 3113 ματικοὶ
618 3046 687 3101 8²
866 3052 897 3098 3
947 3042 1290 3114 Εὐμενίδαις
1327 3048 1429 3099 etc.
1470 3046 1513 3100 Α
1693 3051 1726 3098 4
1769 3041 2379 3113 προμνηματισάμενοιε

357 3116 611 3171 Gerhard
654 3119 673 3185 ΙΙ
719 3117 1008 3185 Εὐμενοῦς
1044 3118 1147 3170 etc.
1188 3118 1231 3172 Α
1397 3122 1426 3170 7
1471 3115 1813 3183 Θρασύδιοςε
1856 3118 1886 3170 h
2059 3120 2239 3168 8—11
2282 3114 2380 3169 cfr.

355 3188 547 3241 Thom.
583 3192 702 3256 166,
732 3194 763 3241 5
908 3194 940 3241 8
986 3188 1022 3239 l.
1063 3204 1168 3240 om.
1211 3187 1302 3244 Bc
1344 3189 1362 3256 ΙΙ
1401 3184 1708 3256 Ἐμμενίδα
1748 3186 1881 3243 Bur
1925 3183 2215 3256 Ἐμμενίαι
2256 3187 2291 3240 Ε

357 3264 387 3311 9
426 3257 607 3328 λέγοις
644 3261 679 3314 Ε
794 3264 859 3313 10
896 3259 959 3313 ft.
990 3258 1175 3331 <τοῦ>
1203 3258 1620 3321 καταλύσαντος
1647 3260 1664 3327 ΙΙ
1697 3257 1956 3327 Φάλαρον
1992 3260 2031 3313 Β
2145 3264 2208 3311 12
2249 3259 2384 3326 δρα-

355 3332 587 3393 συδαῖος
625 3332 660 3385 Ε
773 3336 837 3384 15
875 3330 911 3384 1.
946 3330 1037 3387 Bc
1076 3331 1133 3384 et
1170 3331 1319 3399 (add.
1363 3330 1577 3400 εὐσεβεῖ
1609 3330 1823 3422 γνώμᾳ)
1854 3332 1915 3385 Ετ
1955 3326 2040 3383 ὅτι
2077 3326 2384 3384 πλείσταισι

354 3402 571 3472 βροτῶν
610 3401 749 3472 1)ssss
778 3400 860 3456 ὅτι
899 3419 1003 3455 om.
1039 3405 1078 3456 Β
1105 3404 1124 3471 ΙΙ
1152 3399 1421 3471 γενομένη
1452 3403 1544 3455 ΒΙ)
1640 3406 1705 3454 16
1745 3420 1848 3455 ουν
1886 3417 1994 3455 om.
2033 3403 2141 3467 Bv3
2181 3399 2386 3454 seclusi

503 3478 565 3526 17
603 3482 714 3528 τῶν
748 3472 1189 3543 Διοσκού(ό)ρων
1230 3471 1373 3528 1)Εο
1531 3476 1597 3524 18
1636 3468 1738 3524 οὖν
1778 3488 1883 3526 om.
1926 3472 1990 3539 ῦς
2029 3470 2234 3526 seclusi

356 3550 421 3599 21
465 3543 775 3613 Εὐμενίδαι
816 3547 856 3600 Β
913 3542 1220 3613 Εὐμενίδες
1246 3545 1289 3599 Α
1449 3548 1515 3596 22
1553 3540 1793 3614 τελετάς]
1833 3560 1933 3596 ser.
1973 3542 2242 3613 μακάρων

356 3621 423 3669 23
462 3616 525 3671 δὲ
565 3616 677 3669 add
714 3619 777 3673 Α·
821 3619 839 3686 ΙΙ
882 3618 949 3671 οὐ
989 3620 1046 3670 b:
1087 3612 1155 3669 οὗ
1301 3619 1367 3668 27
1401 3611 1775 3682 Ὀλυμπιακοῦ
1817 3616 1847 3668 b
