<?xml version="1.0" encoding="UTF-8"?>
<!DOCTYPE html PUBLIC "-//W3C//DTD XHTML 1.0 Transitional//EN"
    "http://www.w3.org/TR/xhtml1/DTD/xhtml1-transitional.dtd">
<html xmlns="http://www.w3.org/1999/xhtml" xml:lang="en" lang="en">
 <head>
  <title>
</title>
<meta http-equiv="Content-Type" content="text/html;charset=utf-8" />
  <meta name='ocr-system' content='tesseract 3.04.00' />
  <meta name='ocr-capabilities' content='ocr_page ocr_carea ocr_par ocr_line ocrx_word'/>
</head>
<body>
  <div class='ocr_page' id='page_1' title='image "./scholiaveterain00dracgoog_0340.png"; bbox 0 0 2646 3882; ppageno 0'>
   <div class='ocr_carea' id='block_1_1' title="bbox 378 180 1504 266">
    <p class='ocr_par' dir='ltr' id='par_1_1' title="bbox 378 180 1504 266">
     <span class='ocr_line' id='line_1_1' title="bbox 378 180 1504 266; baseline -0.011 0"><span class='ocrx_word' id='word_1_1' title='bbox 378 180 510 266; x_wconf 84' lang='lat'><strong><em>310</em></strong></span> <span class='ocrx_word' id='word_1_2' title='bbox 1278 201 1504 256; x_wconf 81' lang='lat' dir='ltr'><strong>Scholia.</strong></span> 
     </span>
    </p>
   </div>
   <div class='ocr_carea' id='block_1_2' title="bbox 159 361 2488 2673">
    <p class='ocr_par' dir='ltr' id='par_1_2' title="bbox 167 361 2484 895">
     <span class='ocr_line' id='line_1_2' title="bbox 167 361 2408 449; baseline -0.002 -17"><span class='ocrx_word' id='word_1_3' title='bbox 167 387 372 444; x_wconf 79' lang='grc' dir='ltr'><strong><em>Βοῠεο</em></strong></span> <span class='ocrx_word' id='word_1_4' title='bbox 511 372 551 428; x_wconf 90' lang='grc'>4</span> <span class='ocrx_word' id='word_1_5' title='bbox 572 389 624 429; x_wconf 81' lang='lat' dir='ltr'><strong><em>a.</em></strong></span> <span class='ocrx_word' id='word_1_6' title='bbox 689 362 737 430; x_wconf 81' lang='grc' dir='ltr'>ὦ</span> <span class='ocrx_word' id='word_1_7' title='bbox 763 363 1011 448; x_wconf 86' lang='grc' dir='ltr'><strong><em>Μοῖσ’,</em></strong></span> <span class='ocrx_word' id='word_1_8' title='bbox 1039 367 1207 429; x_wconf 81' lang='grc' dir='ltr'><strong><em>ἀλλὰ</em></strong></span> <span class='ocrx_word' id='word_1_9' title='bbox 1236 369 1319 431; x_wconf 80' lang='grc' dir='ltr'><strong><em>σὺ</em></strong></span> <span class='ocrx_word' id='word_1_10' title='bbox 1348 368 1467 430; x_wconf 84' lang='grc' dir='ltr'><strong><em>καὶ</em></strong></span> <span class='ocrx_word' id='word_1_11' title='bbox 1493 370 1817 449; x_wconf 78' lang='grc' dir='ltr'><em>θυγάτηρ</em></span> <span class='ocrx_word' id='word_1_12' title='bbox 1841 361 2172 430; x_wconf 75' lang='grc' dir='ltr'><strong><em>Ἀλάθεια</em></strong></span> <span class='ocrx_word' id='word_1_13' title='bbox 2199 366 2408 439; x_wconf 72' lang='grc' dir='ltr'><strong><em>Διόςε</em></strong></span> 
     </span>
     <span class='ocr_line' id='line_1_3' title="bbox 377 450 2407 538; baseline -0 -20"><span class='ocrx_word' id='word_1_14' title='bbox 377 458 450 519; x_wconf 84' lang='grc' dir='ltr'><strong><em>σὺ</em></strong></span> <span class='ocrx_word' id='word_1_15' title='bbox 496 458 723 537; x_wconf 84' lang='grc' dir='ltr'><strong><em>τοίνυν,</em></strong></span> <span class='ocrx_word' id='word_1_16' title='bbox 770 451 817 519; x_wconf 81' lang='grc' dir='ltr'>ὦ</span> <span class='ocrx_word' id='word_1_17' title='bbox 864 462 1113 537; x_wconf 78' lang='grc' dir='ltr'><strong><em>Μοῦσα,</em></strong></span> <span class='ocrx_word' id='word_1_18' title='bbox 1156 458 1255 519; x_wconf 83' lang='grc' dir='ltr'><strong><em>καὶ</em></strong></span> <span class='ocrx_word' id='word_1_19' title='bbox 1301 458 1397 537; x_wconf 85' lang='grc' dir='ltr'><strong><em>σὺ,</em></strong></span> <span class='ocrx_word' id='word_1_20' title='bbox 1441 467 1548 519; x_wconf 84' lang='grc' dir='ltr'><strong><em>τοῦ</em></strong></span> <span class='ocrx_word' id='word_1_21' title='bbox 1596 457 1742 531; x_wconf 86' lang='grc' dir='ltr'><strong><em>Διὸς</em></strong></span> <span class='ocrx_word' id='word_1_22' title='bbox 1785 458 2059 538; x_wconf 79' lang='grc' dir='ltr'><em>θυγάτηρ</em></span> <span class='ocrx_word' id='word_1_23' title='bbox 2101 450 2407 535; x_wconf 80' lang='grc' dir='ltr'><strong><em>Ἀλήθεια,</em></strong></span> 
     </span>
     <span class='ocr_line' id='line_1_4' title="bbox 375 544 2408 627; baseline -0 -20"><span class='ocrx_word' id='word_1_24' title='bbox 375 553 501 619; x_wconf 78' lang='grc' dir='ltr'><strong><em>ταῖς</em></strong></span> <span class='ocrx_word' id='word_1_25' title='bbox 557 547 712 620; x_wconf 81' lang='grc' dir='ltr'><strong><em>ἴσαις</em></strong></span> <span class='ocrx_word' id='word_1_26' title='bbox 770 546 871 608; x_wconf 83' lang='grc' dir='ltr'><strong><em>καὶ</em></strong></span> <span class='ocrx_word' id='word_1_27' title='bbox 926 548 1183 619; x_wconf 80' lang='grc' dir='ltr'><strong><em>δικαίαις</em></strong></span> <span class='ocrx_word' id='word_1_28' title='bbox 1238 546 1435 627; x_wconf 82' lang='grc' dir='ltr'><strong><em>χερσὶν</em></strong></span> <span class='ocrx_word' id='word_1_29' title='bbox 1481 546 1894 609; x_wconf 84' lang='grc' dir='ltr'><strong><em>ἆποκωλύσατε</em></strong></span> <span class='ocrx_word' id='word_1_30' title='bbox 1949 546 2051 607; x_wconf 79' lang='grc' dir='ltr'><strong><em>καὶ</em></strong></span> <span class='ocrx_word' id='word_1_31' title='bbox 2096 544 2408 626; x_wconf 82' lang='grc' dir='ltr'><strong><em>ἀπείρξατε</em></strong></span> 
     </span>
     <span class='ocr_line' id='line_1_5' title="bbox 375 629 2408 716; baseline 0 -21"><span class='ocrx_word' id='word_1_32' title='bbox 375 629 479 696; x_wconf 81' lang='grc' dir='ltr'><strong><em>ἀπ’</em></strong></span> <span class='ocrx_word' id='word_1_33' title='bbox 528 635 676 715; x_wconf 74' lang='grc' dir='ltr'><strong><em>ἐμοῦ</em></strong></span> <span class='ocrx_word' id='word_1_34' title='bbox 730 635 841 714; x_wconf 82' lang='grc' dir='ltr'><strong><em>τὴν</em></strong></span> <span class='ocrx_word' id='word_1_35' title='bbox 896 634 1207 716; x_wconf 77' lang='grc' dir='ltr'><strong><em>ἐπίπληξιν</em></strong></span> <span class='ocrx_word' id='word_1_36' title='bbox 1256 635 1357 697; x_wconf 79' lang='grc' dir='ltr'><strong><em>καὶ</em></strong></span> <span class='ocrx_word' id='word_1_37' title='bbox 1403 635 1512 713; x_wconf 80' lang='grc' dir='ltr'><strong><em>τὴν</em></strong></span> <span class='ocrx_word' id='word_1_38' title='bbox 1557 634 1891 715; x_wconf 77' lang='grc' dir='ltr'><strong><em>ἐπιτίμησιν</em></strong></span> <span class='ocrx_word' id='word_1_39' title='bbox 1935 633 2014 713; x_wconf 73' lang='grc' dir='ltr'><strong><em>ἣν</em></strong></span> <span class='ocrx_word' id='word_1_40' title='bbox 2059 633 2137 696; x_wconf 72' lang='grc' dir='ltr'><strong><em>ἄν</em></strong></span> <span class='ocrx_word' id='word_1_41' title='bbox 2181 658 2272 707; x_wconf 88' lang='grc' dir='ltr'><strong><em>τις</em></strong></span> <span class='ocrx_word' id='word_1_42' title='bbox 2319 634 2408 707; x_wconf 81' lang='grc' dir='ltr'><strong><em>εἰς</em></strong></span> 
     </span>
     <span class='ocr_line' id='line_1_6' title="bbox 374 721 2484 804; baseline 0 -19"><span class='ocrx_word' id='word_1_43' title='bbox 374 722 472 803; x_wconf 74' lang='grc' dir='ltr'><strong><em>ἐμὲ</em></strong></span> <span class='ocrx_word' id='word_1_44' title='bbox 516 724 826 804; x_wconf 80' lang='grc' dir='ltr'><strong><em>ποιήσαιτο</em></strong></span> <span class='ocrx_word' id='word_1_45' title='bbox 874 722 954 797; x_wconf 79' lang='grc' dir='ltr'><strong><em>ὥς</em></strong></span> <span class='ocrx_word' id='word_1_46' title='bbox 1000 726 1085 798; x_wconf 80' lang='grc' dir='ltr'><strong><em>εἰς</em></strong></span> <span class='ocrx_word' id='word_1_47' title='bbox 1130 724 1233 786; x_wconf 86' lang='grc' dir='ltr'><strong><em>τὸν</em></strong></span> <span class='ocrx_word' id='word_1_48' title='bbox 1278 722 1452 799; x_wconf 80' lang='grc' dir='ltr'><strong><em>ξένον</em></strong></span> <span class='ocrx_word' id='word_1_49' title='bbox 1492 746 1611 804; x_wconf 83' lang='grc' dir='ltr'><strong><em>μου</em></strong></span> <span class='ocrx_word' id='word_1_50' title='bbox 1648 724 1748 786; x_wconf 83' lang='grc' dir='ltr'><strong><em>καὶ</em></strong></span> <span class='ocrx_word' id='word_1_51' title='bbox 1785 724 1965 803; x_wconf 80' lang='grc' dir='ltr'><strong><em>φίλον</em></strong></span> <span class='ocrx_word' id='word_1_52' title='bbox 2003 721 2406 804; x_wconf 79' lang='grc' dir='ltr'><strong><em>ἡμαρτηκότα,</em></strong></span> <span class='ocrx_word' id='word_1_53' title='bbox 2459 745 2484 785; x_wconf 84' lang='lat'><strong>5</strong></span> 
     </span>
     <span class='ocr_line' id='line_1_7' title="bbox 376 812 2360 895; baseline 0.001 -21"><span class='ocrx_word' id='word_1_54' title='bbox 376 814 463 875; x_wconf 79' lang='grc' dir='ltr'><strong><em>ὅτι</em></strong></span> <span class='ocrx_word' id='word_1_55' title='bbox 508 812 856 893; x_wconf 80' lang='grc' dir='ltr'><strong><em>ἐψευσάμην</em></strong></span> <span class='ocrx_word' id='word_1_56' title='bbox 900 813 1002 874; x_wconf 83' lang='grc' dir='ltr'><strong><em>καὶ</em></strong></span> <span class='ocrx_word' id='word_1_57' title='bbox 1035 812 1338 893; x_wconf 75' lang='grc' dir='ltr'><strong><em>ἐβράδυνα</em></strong></span> <span class='ocrx_word' id='word_1_58' title='bbox 1372 819 1677 895; x_wconf 83' lang='grc' dir='ltr'><strong><em>πληρῶσαι</em></strong></span> <span class='ocrx_word' id='word_1_59' title='bbox 1721 812 1825 875; x_wconf 88' lang='grc' dir='ltr'><strong><em>τὸν</em></strong></span> <span class='ocrx_word' id='word_1_60' title='bbox 1871 814 2089 893; x_wconf 76' lang='grc' dir='ltr'><strong><em>ὕμνον.</em></strong></span> <span class='ocrx_word' id='word_1_61' title='bbox 2139 823 2240 875; x_wconf 71' lang='lat' dir='ltr'><strong><em>ohe</em></strong></span> <span class='ocrx_word' id='word_1_62' title='bbox 2270 823 2360 885; x_wconf 76' lang='lat'><strong><em>1¹0</em></strong></span> 
     </span>
    </p>

    <p class='ocr_par' dir='ltr' id='par_1_3' title="bbox 183 900 2408 1161">
     <span class='ocr_line' id='line_1_8' title="bbox 183 900 2408 984; baseline -0.001 -20"><span class='ocrx_word' id='word_1_63' title='bbox 183 921 346 977; x_wconf 77' lang='grc' dir='ltr'><strong><em>Βοερ</em></strong></span> <span class='ocrx_word' id='word_1_64' title='bbox 463 905 518 962; x_wconf 90' lang='lat' dir='ltr'><strong><em>b.</em></strong></span> <span class='ocrx_word' id='word_1_65' title='bbox 585 901 1028 976; x_wconf 71' lang='grc' dir='ltr'><strong><em>ἀλιτόξενονε</em></strong></span> <span class='ocrx_word' id='word_1_66' title='bbox 1094 902 1612 984; x_wconf 82' lang='grc' dir='ltr'><strong><em>διαμαρτάνουσαν</em></strong></span> <span class='ocrx_word' id='word_1_67' title='bbox 1679 903 1764 975; x_wconf 86' lang='grc' dir='ltr'><strong><em>εἰς</em></strong></span> <span class='ocrx_word' id='word_1_68' title='bbox 1817 903 1960 975; x_wconf 79' lang='grc' dir='ltr'><strong><em>τοὺς</em></strong></span> <span class='ocrx_word' id='word_1_69' title='bbox 2015 900 2255 980; x_wconf 79' lang='grc' dir='ltr'><strong><em>ξένους,</em></strong></span> <span class='ocrx_word' id='word_1_70' title='bbox 2317 900 2408 962; x_wconf 77' lang='grc' dir='ltr'><strong><em>ὅτι</em></strong></span> 
     </span>
     <span class='ocr_line' id='line_1_9' title="bbox 373 985 2408 1076; baseline -0.001 -23"><span class='ocrx_word' id='word_1_71' title='bbox 373 990 547 1065; x_wconf 81' lang='grc' dir='ltr'><strong><em>ξένου</em></strong></span> <span class='ocrx_word' id='word_1_72' title='bbox 602 991 763 1076; x_wconf 77' lang='grc' dir='ltr'><strong><em>αὐτῷ</em></strong></span> <span class='ocrx_word' id='word_1_73' title='bbox 822 989 994 1064; x_wconf 84' lang='grc' dir='ltr'><strong><em>ὄντος</em></strong></span> <span class='ocrx_word' id='word_1_74' title='bbox 1048 1001 1155 1053; x_wconf 81' lang='grc' dir='ltr'><strong><em>τοῦ</em></strong></span> <span class='ocrx_word' id='word_1_75' title='bbox 1198 985 1609 1073; x_wconf 81' lang='grc' dir='ltr'><strong><em>Ἀρχεστράτου</em></strong></span> <span class='ocrx_word' id='word_1_76' title='bbox 1655 992 2032 1071; x_wconf 82' lang='grc' dir='ltr'><strong><em>ψευσάμενος</em></strong></span> <span class='ocrx_word' id='word_1_77' title='bbox 2076 988 2272 1070; x_wconf 76' lang='grc' dir='ltr'><strong><em>ἤλιτεν</em></strong></span> <span class='ocrx_word' id='word_1_78' title='bbox 2319 990 2408 1062; x_wconf 81' lang='grc' dir='ltr'><strong><em>εἰς</em></strong></span> 
     </span>
     <span class='ocr_line' id='line_1_10' title="bbox 374 1077 1242 1161; baseline 0 -20"><span class='ocrx_word' id='word_1_79' title='bbox 374 1077 607 1161; x_wconf 84' lang='grc' dir='ltr'><strong><em>αὐτόν[,</em></strong></span> <span class='ocrx_word' id='word_1_80' title='bbox 655 1080 689 1141; x_wconf 77' lang='grc' dir='ltr'><strong><em>δ’</em></strong></span> <span class='ocrx_word' id='word_1_81' title='bbox 734 1079 893 1143; x_wconf 79' lang='grc' dir='ltr'><strong><em>ἐστιν</em></strong></span> <span class='ocrx_word' id='word_1_82' title='bbox 938 1077 1242 1161; x_wconf 68' lang='grc' dir='ltr'><strong><em>ἥμαρτεν]</em></strong></span> 
     </span>
    </p>

    <p class='ocr_par' dir='ltr' id='par_1_4' title="bbox 316 1161 2486 1605">
     <span class='ocr_line' id='line_1_11' title="bbox 316 1161 2486 1249; baseline -0.001 -18"><span class='ocrx_word' id='word_1_83' title='bbox 316 1189 371 1231; x_wconf 83' lang='grc' dir='ltr'><strong><em>Α.</em></strong></span> <span class='ocrx_word' id='word_1_84' title='bbox 512 1173 548 1230; x_wconf 85' lang='grc'><strong>6</strong></span> <span class='ocrx_word' id='word_1_85' title='bbox 571 1191 622 1231; x_wconf 81' lang='lat' dir='ltr'><strong><em>a.</em></strong></span> <span class='ocrx_word' id='word_1_86' title='bbox 680 1163 1037 1231; x_wconf 72' lang='grc' dir='ltr'><strong><em>Ἀλάθειαε</em></strong></span> <span class='ocrx_word' id='word_1_87' title='bbox 1066 1168 1175 1248; x_wconf 84' lang='grc' dir='ltr'><strong><em>τὴν</em></strong></span> <span class='ocrx_word' id='word_1_88' title='bbox 1201 1163 1518 1247; x_wconf 80' lang='grc' dir='ltr'><strong><em>Ἀλήθειαν</em></strong></span> <span class='ocrx_word' id='word_1_89' title='bbox 1548 1169 1692 1242; x_wconf 88' lang='grc' dir='ltr'><strong><em>Διός</em></strong></span> <span class='ocrx_word' id='word_1_90' title='bbox 1721 1186 1872 1248; x_wconf 89' lang='grc' dir='ltr'><strong><em>φησι</em></strong></span> <span class='ocrx_word' id='word_1_91' title='bbox 1899 1167 2201 1249; x_wconf 77' lang='grc' dir='ltr'><strong><em>θυγατέρα</em></strong></span> <span class='ocrx_word' id='word_1_92' title='bbox 2227 1161 2405 1247; x_wconf 79' lang='grc' dir='ltr'><strong><em>εἶναι,</em></strong></span> <span class='ocrx_word' id='word_1_93' title='bbox 2437 1190 2486 1230; x_wconf 81' lang='grc' dir='ltr'><strong><em>ιο</em></strong></span> 
     </span>
     <span class='ocr_line' id='line_1_12' title="bbox 374 1256 2405 1344; baseline -0 -26"><span class='ocrx_word' id='word_1_94' title='bbox 374 1256 498 1319; x_wconf 81' lang='grc' dir='ltr'><strong><em>ἐπεὶ</em></strong></span> <span class='ocrx_word' id='word_1_95' title='bbox 543 1260 731 1344; x_wconf 76' lang='grc' dir='ltr'><strong><em>τούτῳ</em></strong></span> <span class='ocrx_word' id='word_1_96' title='bbox 776 1256 983 1339; x_wconf 84' lang='grc' dir='ltr'><strong><em>πρέπει</em></strong></span> <span class='ocrx_word' id='word_1_97' title='bbox 1028 1257 1091 1319; x_wconf 90' lang='grc' dir='ltr'><strong><em>τὸ</em></strong></span> <span class='ocrx_word' id='word_1_98' title='bbox 1138 1257 1459 1337; x_wconf 80' lang='grc' dir='ltr'><strong><em>ἀληθεύειν</em></strong></span> <span class='ocrx_word' id='word_1_99' title='bbox 1473 1274 1486 1287; x_wconf 86' lang='grc'><em>·</em></span> <span class='ocrx_word' id='word_1_100' title='bbox 1535 1258 1608 1319; x_wconf 81' lang='grc' dir='ltr'><strong><em>οὐ</em></strong></span> <span class='ocrx_word' id='word_1_101' title='bbox 1645 1257 1758 1340; x_wconf 81' lang='grc' dir='ltr'><strong><em>γὰρ</em></strong></span> <span class='ocrx_word' id='word_1_102' title='bbox 1794 1256 1939 1338; x_wconf 84' lang='grc' dir='ltr'><strong><em>ἐμὸν</em></strong></span> <span class='ocrx_word' id='word_1_103' title='bbox 1975 1257 2405 1338; x_wconf 77' lang='grc' dir='ltr'><strong><em>παλινάγρετον</em></strong></span> 
     </span>
     <span class='ocr_line' id='line_1_13' title="bbox 373 1340 2403 1430; baseline -0 -22"><span class='ocrx_word' id='word_1_104' title='bbox 373 1342 506 1408; x_wconf 79' lang='grc' dir='ltr'><strong><em>οὐδ’</em></strong></span> <span class='ocrx_word' id='word_1_105' title='bbox 549 1346 851 1426; x_wconf 82' lang='grc' dir='ltr'><strong><em>ἀπατηλὸν</em></strong></span> <span class='ocrx_word' id='word_1_106' title='bbox 888 1340 1019 1409; x_wconf 82' lang='grc' dir='ltr'><strong><em>οὐδ’</em></strong></span> <span class='ocrx_word' id='word_1_107' title='bbox 1068 1346 1446 1426; x_wconf 80' lang='grc' dir='ltr'><strong><em>ἀτελεύτητον</em></strong></span> <span class='ocrx_word' id='word_1_108' title='bbox 1484 1341 1573 1429; x_wconf 87' lang='grc' dir='ltr'><strong><em>(Α</em></strong></span> <span class='ocrx_word' id='word_1_109' title='bbox 1613 1341 1792 1430; x_wconf 83' lang='grc'>526).</span> <span class='ocrx_word' id='word_1_110' title='bbox 1927 1348 1981 1406; x_wconf 94' lang='lat' dir='ltr'><strong><em>b.</em></strong></span> <span class='ocrx_word' id='word_1_111' title='bbox 2030 1344 2062 1407; x_wconf 84' lang='grc' dir='ltr'><em>ὃ</em></span> <span class='ocrx_word' id='word_1_112' title='bbox 2099 1344 2163 1408; x_wconf 81' lang='grc' dir='ltr'><strong><em>δὲ</em></strong></span> <span class='ocrx_word' id='word_1_113' title='bbox 2201 1345 2403 1427; x_wconf 84' lang='grc' dir='ltr'><strong><em>λόγος·</em></strong></span> 
     </span>
     <span class='ocr_line' id='line_1_14' title="bbox 372 1429 2405 1515; baseline 0 -20"><span class='ocrx_word' id='word_1_114' title='bbox 372 1434 517 1496; x_wconf 76' lang='grc' dir='ltr'><strong><em>ἀλλὰ</em></strong></span> <span class='ocrx_word' id='word_1_115' title='bbox 563 1437 668 1515; x_wconf 89' lang='grc' dir='ltr'><strong><em>σὺ,</em></strong></span> <span class='ocrx_word' id='word_1_116' title='bbox 723 1429 771 1496; x_wconf 81' lang='grc' dir='ltr'>ὦ</span> <span class='ocrx_word' id='word_1_117' title='bbox 816 1439 1073 1514; x_wconf 84' lang='grc' dir='ltr'><strong><em>Μοῦσα,</em></strong></span> <span class='ocrx_word' id='word_1_118' title='bbox 1137 1435 1237 1497; x_wconf 83' lang='grc' dir='ltr'><strong><em>καὶ</em></strong></span> <span class='ocrx_word' id='word_1_119' title='bbox 1285 1430 1566 1514; x_wconf 85' lang='grc' dir='ltr'><strong><em>Ἀλήθεια</em></strong></span> <span class='ocrx_word' id='word_1_120' title='bbox 1635 1435 1743 1514; x_wconf 79' lang='grc' dir='ltr'><strong><em>τὴν</em></strong></span> <span class='ocrx_word' id='word_1_121' title='bbox 1797 1444 1916 1497; x_wconf 83' lang='grc' dir='ltr'><strong><em>τῶν</em></strong></span> <span class='ocrx_word' id='word_1_122' title='bbox 1971 1435 2221 1513; x_wconf 81' lang='grc' dir='ltr'><strong><em>ψευδῶν</em></strong></span> <span class='ocrx_word' id='word_1_123' title='bbox 2276 1434 2405 1495; x_wconf 86' lang='grc' dir='ltr'><strong><em>έπί-</em></strong></span> 
     </span>
     <span class='ocr_line' id='line_1_15' title="bbox 371 1522 880 1605; baseline 0.002 -22"><span class='ocrx_word' id='word_1_124' title='bbox 371 1526 586 1603; x_wconf 82' lang='grc' dir='ltr'><strong><em>πληξιν</em></strong></span> <span class='ocrx_word' id='word_1_125' title='bbox 632 1522 880 1605; x_wconf 77' lang='grc' dir='ltr'><strong><em>ἐρύκετε.</em></strong></span> 
     </span>
    </p>

    <p class='ocr_par' dir='ltr' id='par_1_5' title="bbox 315 1610 2483 1783">
     <span class='ocr_line' id='line_1_16' title="bbox 315 1610 2483 1693; baseline -0 -18"><span class='ocrx_word' id='word_1_126' title='bbox 315 1633 346 1675; x_wconf 82' lang='grc' dir='ltr'><strong>Α</strong></span> <span class='ocrx_word' id='word_1_127' title='bbox 510 1616 623 1675; x_wconf 78' lang='lat' dir='ltr'><strong><em>Sa.</em></strong></span> <span class='ocrx_word' id='word_1_128' title='bbox 699 1612 1144 1687; x_wconf 70' lang='grc' dir='ltr'><strong><em>ἀλιτόξενονι</em></strong></span> <span class='ocrx_word' id='word_1_129' title='bbox 1217 1612 1329 1692; x_wconf 82' lang='grc' dir='ltr'><strong><em>τὴν</em></strong></span> <span class='ocrx_word' id='word_1_130' title='bbox 1390 1613 1532 1686; x_wconf 85' lang='grc' dir='ltr'><strong><em>τοὺς</em></strong></span> <span class='ocrx_word' id='word_1_131' title='bbox 1595 1610 1802 1687; x_wconf 81' lang='grc' dir='ltr'><strong><em>ξένους</em></strong></span> <span class='ocrx_word' id='word_1_132' title='bbox 1868 1613 2262 1693; x_wconf 85' lang='grc' dir='ltr'><strong><em>βλάπτουσαν.</em></strong></span> <span class='ocrx_word' id='word_1_133' title='bbox 2433 1633 2483 1674; x_wconf 79' lang='lat'><strong><em>15</em></strong></span> 
     </span>
     <span class='ocr_line' id='line_1_17' title="bbox 370 1696 2174 1783; baseline 0.001 -23"><span class='ocrx_word' id='word_1_134' title='bbox 370 1703 423 1760; x_wconf 90' lang='lat' dir='ltr'><strong><em>b.</em></strong></span> <span class='ocrx_word' id='word_1_135' title='bbox 474 1701 561 1763; x_wconf 80' lang='grc' dir='ltr'><strong><em>ὅτι</em></strong></span> <span class='ocrx_word' id='word_1_136' title='bbox 604 1701 705 1763; x_wconf 80' lang='grc' dir='ltr'><strong><em>καὶ</em></strong></span> <span class='ocrx_word' id='word_1_137' title='bbox 751 1696 926 1775; x_wconf 82' lang='grc' dir='ltr'><strong><em>οὗτος</em></strong></span> <span class='ocrx_word' id='word_1_138' title='bbox 970 1703 1055 1775; x_wconf 85' lang='grc' dir='ltr'><strong><em>εἰς</em></strong></span> <span class='ocrx_word' id='word_1_139' title='bbox 1094 1696 1508 1783; x_wconf 84' lang='grc' dir='ltr'><strong><em>Ἀρχέστρατον</em></strong></span> <span class='ocrx_word' id='word_1_140' title='bbox 1553 1700 1726 1776; x_wconf 81' lang='grc' dir='ltr'><strong><em>ξένον</em></strong></span> <span class='ocrx_word' id='word_1_141' title='bbox 1772 1700 1917 1763; x_wconf 74' lang='grc' dir='ltr'><strong><em>ὄντα</em></strong></span> <span class='ocrx_word' id='word_1_142' title='bbox 1961 1700 2174 1780; x_wconf 75' lang='grc' dir='ltr'><strong><em>ἤλιτεν.</em></strong></span> 
     </span>
    </p>

    <p class='ocr_par' dir='ltr' id='par_1_6' title="bbox 313 1788 2265 1871">
     <span class='ocr_line' id='line_1_18' title="bbox 313 1788 2265 1871; baseline -0.002 -18"><span class='ocrx_word' id='word_1_143' title='bbox 313 1811 343 1853; x_wconf 82' lang='grc' dir='ltr'><strong>Α</strong></span> <span class='ocrx_word' id='word_1_144' title='bbox 508 1796 619 1852; x_wconf 85' lang='lat' dir='ltr'><strong><em>9a.</em></strong></span> <span class='ocrx_word' id='word_1_145' title='bbox 685 1790 1035 1852; x_wconf 72' lang='grc' dir='ltr'><strong><em>ἕπελθώνε</em></strong></span> <span class='ocrx_word' id='word_1_146' title='bbox 1101 1789 1133 1852; x_wconf 84' lang='grc' dir='ltr'>ὁ</span> <span class='ocrx_word' id='word_1_147' title='bbox 1187 1790 1253 1853; x_wconf 79' lang='grc' dir='ltr'><strong><em>ἐκ</em></strong></span> <span class='ocrx_word' id='word_1_148' title='bbox 1307 1796 1527 1853; x_wconf 79' lang='grc' dir='ltr'><strong><em>πολλοῦ</em></strong></span> <span class='ocrx_word' id='word_1_149' title='bbox 1597 1790 1988 1871; x_wconf 79' lang='grc' dir='ltr'><strong><em>διαστήματος</em></strong></span> <span class='ocrx_word' id='word_1_150' title='bbox 2051 1788 2265 1851; x_wconf 76' lang='grc' dir='ltr'><strong><em>ἐλθών.</em></strong></span> 
     </span>
    </p>

    <p class='ocr_par' dir='ltr' id='par_1_7' title="bbox 368 1876 2488 2230">
     <span class='ocr_line' id='line_1_19' title="bbox 370 1876 2404 1962; baseline 0.001 -23"><span class='ocrx_word' id='word_1_151' title='bbox 370 1881 424 1939; x_wconf 89' lang='lat' dir='ltr'><strong><em>b.</em></strong></span> <span class='ocrx_word' id='word_1_152' title='bbox 474 1876 507 1940; x_wconf 84' lang='grc' dir='ltr'>ὁ</span> <span class='ocrx_word' id='word_1_153' title='bbox 551 1878 663 1961; x_wconf 81' lang='grc' dir='ltr'><strong><em>γὰρ</em></strong></span> <span class='ocrx_word' id='word_1_154' title='bbox 718 1877 783 1941; x_wconf 79' lang='grc' dir='ltr'><strong><em>ἐκ</em></strong></span> <span class='ocrx_word' id='word_1_155' title='bbox 836 1885 1060 1944; x_wconf 80' lang='grc' dir='ltr'><strong><em>πολλοῦ</em></strong></span> <span class='ocrx_word' id='word_1_156' title='bbox 1118 1880 1329 1962; x_wconf 85' lang='grc' dir='ltr'><strong><em>χρόνος</em></strong></span> <span class='ocrx_word' id='word_1_157' title='bbox 1383 1880 1862 1962; x_wconf 83' lang='grc' dir='ltr'><strong><em>παραγενόμενος</em></strong></span> <span class='ocrx_word' id='word_1_158' title='bbox 1915 1880 1979 1941; x_wconf 85' lang='grc' dir='ltr'><strong><em>τὸ</em></strong></span> <span class='ocrx_word' id='word_1_159' title='bbox 2035 1878 2178 1960; x_wconf 81' lang='grc' dir='ltr'><strong><em>ἐμὸν</em></strong></span> <span class='ocrx_word' id='word_1_160' title='bbox 2233 1877 2404 1961; x_wconf 81' lang='grc' dir='ltr'><strong><em>χρέος</em></strong></span> 
     </span>
     <span class='ocr_line' id='line_1_20' title="bbox 368 1967 2404 2052; baseline 0 -22"><span class='ocrx_word' id='word_1_161' title='bbox 368 1971 757 2050; x_wconf 84' lang='grc' dir='ltr'><strong><em>καταισχύνει.</em></strong></span> <span class='ocrx_word' id='word_1_162' title='bbox 896 1991 943 2032; x_wconf 82' lang='grc' dir='ltr'><strong><em>ο.</em></strong></span> <span class='ocrx_word' id='word_1_163' title='bbox 998 1970 1186 2044; x_wconf 80' lang='grc' dir='ltr'><strong><em>πολὺς</em></strong></span> <span class='ocrx_word' id='word_1_164' title='bbox 1238 1969 1352 2052; x_wconf 79' lang='grc' dir='ltr'><strong><em>γὰρ</em></strong></span> <span class='ocrx_word' id='word_1_165' title='bbox 1409 1967 1441 2031; x_wconf 86' lang='grc' dir='ltr'><em>ὅ</em></span> <span class='ocrx_word' id='word_1_166' title='bbox 1499 1970 1715 2050; x_wconf 81' lang='grc' dir='ltr'><strong><em>μεταξὺ</em></strong></span> <span class='ocrx_word' id='word_1_167' title='bbox 1769 1969 1980 2050; x_wconf 90' lang='grc' dir='ltr'><strong><em>χρόνος</em></strong></span> <span class='ocrx_word' id='word_1_168' title='bbox 2030 1967 2255 2050; x_wconf 81' lang='grc' dir='ltr'><strong><em>ἐγένετο</em></strong></span> <span class='ocrx_word' id='word_1_169' title='bbox 2301 1969 2404 2030; x_wconf 84' lang='grc' dir='ltr'><strong><em>καὶ</em></strong></span> 
     </span>
     <span class='ocr_line' id='line_1_21' title="bbox 370 2053 2488 2141; baseline -0 -22"><span class='ocrx_word' id='word_1_170' title='bbox 370 2053 558 2139; x_wconf 83' lang='grc' dir='ltr'><strong><em>ἦλθεν</em></strong></span> <span class='ocrx_word' id='word_1_171' title='bbox 604 2059 717 2121; x_wconf 83' lang='grc' dir='ltr'><strong><em>οὐκ</em></strong></span> <span class='ocrx_word' id='word_1_172' title='bbox 763 2057 1052 2141; x_wconf 74' lang='grc' dir='ltr'><strong><em>ἐγγύθεν,</em></strong></span> <span class='ocrx_word' id='word_1_173' title='bbox 1106 2058 1252 2120; x_wconf 83' lang='grc' dir='ltr'><strong><em>ἀλλὰ</em></strong></span> <span class='ocrx_word' id='word_1_174' title='bbox 1298 2058 1633 2140; x_wconf 82' lang='grc' dir='ltr'><strong><em>μακρόθεν,</em></strong></span> <span class='ocrx_word' id='word_1_175' title='bbox 1685 2055 1952 2138; x_wconf 82' lang='grc' dir='ltr'><strong><em>&lt;ἡνίκα&gt;</em></strong></span> <span class='ocrx_word' id='word_1_176' title='bbox 1991 2056 2402 2137; x_wconf 83' lang='grc' dir='ltr'><strong><em>ἀναμνησθεὶς</em></strong></span> <span class='ocrx_word' id='word_1_177' title='bbox 2433 2079 2488 2118; x_wconf 78' lang='lat'><strong><em>20</em></strong></span> 
     </span>
     <span class='ocr_line' id='line_1_22' title="bbox 370 2147 1178 2230; baseline 0.001 -22"><span class='ocrx_word' id='word_1_178' title='bbox 370 2148 622 2210; x_wconf 78' lang='grc' dir='ltr'><strong><em>ἐπιτελεῖ</em></strong></span> <span class='ocrx_word' id='word_1_179' title='bbox 656 2147 767 2226; x_wconf 74' lang='grc' dir='ltr'><strong><em>τὴν</em></strong></span> <span class='ocrx_word' id='word_1_180' title='bbox 812 2147 1178 2230; x_wconf 78' lang='grc' dir='ltr'><strong><em>ἐπαγγελίαν.</em></strong></span> 
     </span>
    </p>

    <p class='ocr_par' dir='ltr' id='par_1_8' title="bbox 159 2233 2488 2673">
     <span class='ocr_line' id='line_1_23' title="bbox 159 2233 2404 2318; baseline -0.002 -17"><span class='ocrx_word' id='word_1_181' title='bbox 159 2256 364 2313; x_wconf 69' lang='lat' dir='ltr'>acuto</span> <span class='ocrx_word' id='word_1_182' title='bbox 505 2239 617 2298; x_wconf 86' lang='lat' dir='ltr'><strong><em>9d.</em></strong></span> <span class='ocrx_word' id='word_1_183' title='bbox 643 2315 646 2318; x_wconf 21' lang='grc' dir='ltr'>Ι</span> <span class='ocrx_word' id='word_1_184' title='bbox 675 2236 895 2298; x_wconf 76' lang='grc' dir='ltr'><strong><em>ἕκαθε</em></strong></span> <span class='ocrx_word' id='word_1_185' title='bbox 930 2237 1059 2318; x_wconf 81' lang='grc' dir='ltr'><strong><em>γὰρ</em></strong></span> <span class='ocrx_word' id='word_1_186' title='bbox 1098 2235 1422 2298; x_wconf 72' lang='grc' dir='ltr'><strong><em>ἐπελθὼν</em></strong></span> <span class='ocrx_word' id='word_1_187' title='bbox 1461 2235 1492 2298; x_wconf 83' lang='grc' dir='ltr'><em>ὅ</em></span> <span class='ocrx_word' id='word_1_188' title='bbox 1532 2235 1800 2317; x_wconf 82' lang='grc' dir='ltr'><strong><em>μέλλων</em></strong></span> <span class='ocrx_word' id='word_1_189' title='bbox 1837 2237 2120 2317; x_wconf 73' lang='grc' dir='ltr'><strong><em>χρόνοςε</em></strong></span> <span class='ocrx_word' id='word_1_190' title='bbox 2159 2233 2190 2296; x_wconf 84' lang='grc' dir='ltr'><em>ὃ</em></span> <span class='ocrx_word' id='word_1_191' title='bbox 2220 2255 2404 2317; x_wconf 89' lang='grc' dir='ltr'><strong><em>προσ-</em></strong></span> 
     </span>
     <span class='ocr_line' id='line_1_24' title="bbox 371 2319 2405 2407; baseline -0.001 -19"><span class='ocrx_word' id='word_1_192' title='bbox 371 2327 704 2405; x_wconf 79' lang='grc' dir='ltr'><strong><em>δοκώμενος</em></strong></span> <span class='ocrx_word' id='word_1_193' title='bbox 751 2325 894 2407; x_wconf 80' lang='grc' dir='ltr'><strong><em>μετὰ</em></strong></span> <span class='ocrx_word' id='word_1_194' title='bbox 938 2325 1047 2405; x_wconf 82' lang='grc' dir='ltr'><strong><em>τὴν</em></strong></span> <span class='ocrx_word' id='word_1_195' title='bbox 1093 2325 1408 2407; x_wconf 81' lang='grc' dir='ltr'><strong><em>ὑπόσχεσιν</em></strong></span> <span class='ocrx_word' id='word_1_196' title='bbox 1455 2324 1730 2405; x_wconf 74' lang='grc' dir='ltr'><strong><em>ἔσεσθαι,</em></strong></span> <span class='ocrx_word' id='word_1_197' title='bbox 1774 2319 1921 2386; x_wconf 87' lang='grc' dir='ltr'><strong><em>καθ’</em></strong></span> <span class='ocrx_word' id='word_1_198' title='bbox 1955 2323 2026 2386; x_wconf 81' lang='grc' dir='ltr'><strong><em>ὃν</em></strong></span> <span class='ocrx_word' id='word_1_199' title='bbox 2071 2324 2405 2387; x_wconf 80' lang='grc' dir='ltr'><strong><em>ἀποδίδωσι</em></strong></span> 
     </span>
     <span class='ocr_line' id='line_1_25' title="bbox 369 2412 2404 2496; baseline -0 -21"><span class='ocrx_word' id='word_1_200' title='bbox 369 2415 472 2476; x_wconf 91' lang='grc' dir='ltr'><strong><em>τὸν</em></strong></span> <span class='ocrx_word' id='word_1_201' title='bbox 499 2414 810 2476; x_wconf 80' lang='grc' dir='ltr'><strong><em>ἐπινίκιον.</em></strong></span> <span class='ocrx_word' id='word_1_202' title='bbox 922 2437 970 2476; x_wconf 84' lang='lat' dir='ltr'><strong><em>e.</em></strong></span> <span class='ocrx_word' id='word_1_203' title='bbox 1009 2413 1042 2477; x_wconf 84' lang='grc' dir='ltr'>ὁ</span> <span class='ocrx_word' id='word_1_204' title='bbox 1070 2415 1426 2495; x_wconf 87' lang='grc' dir='ltr'><strong><em>μελλητικός.</em></strong></span> <span class='ocrx_word' id='word_1_205' title='bbox 1537 2417 1579 2478; x_wconf 87' lang='lat' dir='ltr'><strong><em>f.</em></strong></span> <span class='ocrx_word' id='word_1_206' title='bbox 1620 2413 1652 2476; x_wconf 84' lang='grc' dir='ltr'><em>ὃ</em></span> <span class='ocrx_word' id='word_1_207' title='bbox 1679 2414 1791 2496; x_wconf 82' lang='grc' dir='ltr'><strong><em>γὰρ</em></strong></span> <span class='ocrx_word' id='word_1_208' title='bbox 1819 2412 1884 2475; x_wconf 84' lang='grc' dir='ltr'><strong><em>έκ</em></strong></span> <span class='ocrx_word' id='word_1_209' title='bbox 1911 2419 2132 2476; x_wconf 84' lang='grc' dir='ltr'><strong><em>πολλοῦ</em></strong></span> <span class='ocrx_word' id='word_1_210' title='bbox 2164 2414 2404 2492; x_wconf 79' lang='grc' dir='ltr'><strong><em>διαστή-</em></strong></span> 
     </span>
     <span class='ocr_line' id='line_1_26' title="bbox 370 2502 2488 2585; baseline -0 -21"><span class='ocrx_word' id='word_1_211' title='bbox 370 2527 551 2583; x_wconf 87' lang='grc' dir='ltr'><strong><em>ματος</em></strong></span> <span class='ocrx_word' id='word_1_212' title='bbox 609 2504 820 2585; x_wconf 87' lang='grc' dir='ltr'><strong><em>χρόνος</em></strong></span> <span class='ocrx_word' id='word_1_213' title='bbox 878 2503 1357 2585; x_wconf 86' lang='grc' dir='ltr'><strong><em>παραγενόμενος</em></strong></span> <span class='ocrx_word' id='word_1_214' title='bbox 1422 2502 1485 2564; x_wconf 88' lang='grc' dir='ltr'><strong><em>τὸ</em></strong></span> <span class='ocrx_word' id='word_1_215' title='bbox 1559 2502 1704 2582; x_wconf 80' lang='grc' dir='ltr'><strong><em>ἐμὸν</em></strong></span> <span class='ocrx_word' id='word_1_216' title='bbox 1775 2502 1940 2584; x_wconf 83' lang='grc' dir='ltr'><strong><em>χρέος</em></strong></span> <span class='ocrx_word' id='word_1_217' title='bbox 1999 2509 2384 2584; x_wconf 74' lang='grc' dir='ltr'><strong><em>καταισχυνεῖ</em></strong></span> <span class='ocrx_word' id='word_1_218' title='bbox 2389 2517 2402 2528; x_wconf 90' lang='grc'><em>·</em></span> <span class='ocrx_word' id='word_1_219' title='bbox 2433 2523 2488 2563; x_wconf 75' lang='lat'><strong><em>25</em></strong></span> 
     </span>
     <span class='ocr_line' id='line_1_27' title="bbox 372 2588 2405 2673; baseline 0 -20"><span class='ocrx_word' id='word_1_220' title='bbox 372 2588 502 2654; x_wconf 81' lang='grc' dir='ltr'><strong><em>οἷον</em></strong></span> <span class='ocrx_word' id='word_1_221' title='bbox 549 2593 715 2672; x_wconf 80' lang='grc' dir='ltr'><strong><em>βαθὺ</em></strong></span> <span class='ocrx_word' id='word_1_222' title='bbox 762 2591 905 2654; x_wconf 83' lang='grc' dir='ltr'><strong><em>αὐτὸ</em></strong></span> <span class='ocrx_word' id='word_1_223' title='bbox 952 2592 1053 2654; x_wconf 75' lang='grc' dir='ltr'><strong><em>καὶ</em></strong></span> <span class='ocrx_word' id='word_1_224' title='bbox 1100 2593 1252 2654; x_wconf 80' lang='grc' dir='ltr'><strong><em>πολὺ</em></strong></span> <span class='ocrx_word' id='word_1_225' title='bbox 1288 2594 1524 2671; x_wconf 86' lang='grc' dir='ltr'><strong><em>ποιήσει</em></strong></span> <span class='ocrx_word' id='word_1_226' title='bbox 1561 2590 1729 2673; x_wconf 83' lang='grc' dir='ltr'><strong><em>χρέος</em></strong></span> <span class='ocrx_word' id='word_1_227' title='bbox 1766 2592 1867 2654; x_wconf 81' lang='grc' dir='ltr'><strong><em>καὶ</em></strong></span> <span class='ocrx_word' id='word_1_228' title='bbox 1902 2591 2405 2672; x_wconf 79' lang='grc' dir='ltr'><strong><em>αὐξηθησόμενον</em></strong></span> 
     </span>
    </p>
   </div>
   <div class='ocr_carea' id='block_1_3' title="bbox 372 2717 798 2724">
    <p class='ocr_par' dir='ltr' id='par_1_9' title="bbox 372 2717 798 2724">
     <span class='ocr_line' id='line_1_28' title="bbox 372 2717 798 2724; baseline 0 1158"><span class='ocrx_word' id='word_1_229' title='bbox 372 2717 798 2724; x_wconf 95' lang='lat' dir='ltr'><strong><em> </em></strong></span> 
     </span>
    </p>
   </div>
   <div class='ocr_carea' id='block_1_4' title="bbox 374 2797 2409 3652">
    <p class='ocr_par' dir='ltr' id='par_1_10' title="bbox 374 2797 2409 3652">
     <span class='ocr_line' id='line_1_29' title="bbox 524 2797 2405 2868; baseline 0.001 -15"><span class='ocrx_word' id='word_1_230' title='bbox 524 2807 550 2853; x_wconf 91' lang='grc'><strong>1</strong></span> <span class='ocrx_word' id='word_1_231' title='bbox 582 2798 685 2854; x_wconf 86' lang='grc' dir='ltr'><strong><em>Ἀλ.</em></strong></span> <span class='ocrx_word' id='word_1_232' title='bbox 715 2799 856 2863; x_wconf 84' lang='grc' dir='ltr'><strong><em>Διός</em></strong></span> <span class='ocrx_word' id='word_1_233' title='bbox 891 2817 997 2854; x_wconf 87' lang='lat' dir='ltr'><strong><em>om.</em></strong></span> <span class='ocrx_word' id='word_1_234' title='bbox 1038 2800 1181 2858; x_wconf 70' lang='grc' dir='ltr'><strong><em>ΠΕΟ</em></strong></span> <span class='ocrx_word' id='word_1_235' title='bbox 1345 2805 1376 2852; x_wconf 87' lang='grc'>3</span> <span class='ocrx_word' id='word_1_236' title='bbox 1423 2799 1664 2854; x_wconf 82' lang='grc' dir='ltr'><strong><em>ὑποκωλ.</em></strong></span> <span class='ocrx_word' id='word_1_237' title='bbox 1705 2798 1820 2855; x_wconf 66' lang='lat'><strong><em>(3¹0</em></strong></span> <span class='ocrx_word' id='word_1_238' title='bbox 1993 2804 2028 2850; x_wconf 88' lang='grc'>4</span> <span class='ocrx_word' id='word_1_239' title='bbox 2064 2799 2163 2853; x_wconf 79' lang='grc' dir='ltr'><strong><em>καὶ</em></strong></span> <span class='ocrx_word' id='word_1_240' title='bbox 2225 2797 2405 2868; x_wconf 80' lang='grc' dir='ltr'><strong><em>αὐτὴν</em></strong></span> 
     </span>
     <span class='ocr_line' id='line_1_30' title="bbox 376 2869 2405 2941; baseline 0 -16"><span class='ocrx_word' id='word_1_241' title='bbox 376 2873 475 2926; x_wconf 82' lang='grc' dir='ltr'><strong><em>καὶ</em></strong></span> <span class='ocrx_word' id='word_1_242' title='bbox 513 2873 551 2926; x_wconf 83' lang='lat' dir='ltr'>D</span> <span class='ocrx_word' id='word_1_243' title='bbox 582 2869 701 2941; x_wconf 78' lang='grc' dir='ltr'><strong><em>ΙΙῆν</em></strong></span> <span class='ocrx_word' id='word_1_244' title='bbox 741 2871 857 2927; x_wconf 79' lang='lat' dir='ltr'><strong><em>Bc:</em></strong></span> <span class='ocrx_word' id='word_1_245' title='bbox 897 2888 1003 2925; x_wconf 91' lang='lat' dir='ltr'><strong><em>om.</em></strong></span> <span class='ocrx_word' id='word_1_246' title='bbox 1036 2871 1179 2929; x_wconf 79' lang='grc' dir='ltr'><strong><em>1]Εο</em></strong></span> <span class='ocrx_word' id='word_1_247' title='bbox 1325 2877 1357 2924; x_wconf 83' lang='grc'>5</span> <span class='ocrx_word' id='word_1_248' title='bbox 1396 2871 1471 2933; x_wconf 78' lang='grc' dir='ltr'><strong><em>ὡς</em></strong></span> <span class='ocrx_word' id='word_1_249' title='bbox 1507 2871 1587 2934; x_wconf 80' lang='grc' dir='ltr'><strong><em>εἰς</em></strong></span> <span class='ocrx_word' id='word_1_250' title='bbox 1624 2872 1688 2925; x_wconf 86' lang='lat' dir='ltr'><strong><em>B:</em></strong></span> <span class='ocrx_word' id='word_1_251' title='bbox 1730 2870 1810 2934; x_wconf 80' lang='grc' dir='ltr'><strong><em>εἰς</em></strong></span> <span class='ocrx_word' id='word_1_252' title='bbox 1847 2869 1884 2926; x_wconf 76' lang='grc' dir='ltr'><strong><em>θ</em></strong></span> <span class='ocrx_word' id='word_1_253' title='bbox 1941 2871 2016 2932; x_wconf 84' lang='grc' dir='ltr'><strong><em>ὡς</em></strong></span> <span class='ocrx_word' id='word_1_254' title='bbox 2053 2872 2144 2926; x_wconf 76' lang='grc' dir='ltr'><strong><em>ΒΕ</em></strong></span> <span class='ocrx_word' id='word_1_255' title='bbox 2223 2872 2241 2940; x_wconf 88' lang='grc' dir='ltr'><strong><em>ΙΙ</em></strong></span> <span class='ocrx_word' id='word_1_256' title='bbox 2269 2889 2336 2939; x_wconf 85' lang='grc' dir='ltr'><strong><em>με</em></strong></span> <span class='ocrx_word' id='word_1_257' title='bbox 2369 2872 2405 2926; x_wconf 84' lang='grc' dir='ltr'>Ε</span> 
     </span>
     <span class='ocr_line' id='line_1_31' title="bbox 521 2937 2409 3012; baseline -0.001 -17"><span class='ocrx_word' id='word_1_258' title='bbox 521 2949 549 2995; x_wconf 78' lang='grc'><strong><em>’1</em></strong></span> <span class='ocrx_word' id='word_1_259' title='bbox 590 2941 909 3010; x_wconf 78' lang='grc' dir='ltr'><strong><em>ἀλιτόξενον</em></strong></span> <span class='ocrx_word' id='word_1_260' title='bbox 940 2943 1003 2998; x_wconf 82' lang='lat' dir='ltr'><strong><em>ss:</em></strong></span> <span class='ocrx_word' id='word_1_261' title='bbox 1044 2942 1107 2996; x_wconf 87' lang='grc' dir='ltr'><strong><em>τὸ</em></strong></span> <span class='ocrx_word' id='word_1_262' title='bbox 1145 2941 1251 3012; x_wconf 81' lang='grc' dir='ltr'><strong><em>γὰρ</em></strong></span> <span class='ocrx_word' id='word_1_263' title='bbox 1281 2942 1365 2996; x_wconf 84' lang='grc' dir='ltr'><strong><em>ἀλ.</em></strong></span> <span class='ocrx_word' id='word_1_264' title='bbox 1398 2943 1488 2997; x_wconf 78' lang='grc' dir='ltr'><strong><em>ΠΕ</em></strong></span> <span class='ocrx_word' id='word_1_265' title='bbox 1525 2940 1846 3006; x_wconf 81' lang='grc' dir='ltr'><strong><em>ἀλιτόξενον</em></strong></span> <span class='ocrx_word' id='word_1_266' title='bbox 1885 2937 1987 2995; x_wconf 80' lang='grc' dir='ltr'><strong><em>οὖν</em></strong></span> <span class='ocrx_word' id='word_1_267' title='bbox 2026 2939 2228 3008; x_wconf 80' lang='grc' dir='ltr'><strong><em>ἐνιπήν</em></strong></span> <span class='ocrx_word' id='word_1_268' title='bbox 2268 2959 2409 3010; x_wconf 83' lang='grc' dir='ltr'><strong><em>φησι</em></strong></span> 
     </span>
     <span class='ocr_line' id='line_1_32' title="bbox 378 3011 2408 3084; baseline -0.001 -16"><span class='ocrx_word' id='word_1_269' title='bbox 378 3014 479 3084; x_wconf 83' lang='grc' dir='ltr'><strong><em>τὴν</em></strong></span> <span class='ocrx_word' id='word_1_270' title='bbox 521 3017 603 3070; x_wconf 87' lang='grc' dir='ltr'><strong><em>Βν</em></strong></span> <span class='ocrx_word' id='word_1_271' title='bbox 785 3021 887 3069; x_wconf 80' lang='grc'><strong><em>’1.8</em></strong></span> <span class='ocrx_word' id='word_1_272' title='bbox 928 3011 1011 3067; x_wconf 77' lang='grc' dir='ltr'><strong><em>ὅτι</em></strong></span> <span class='ocrx_word' id='word_1_273' title='bbox 1058 3011 1221 3080; x_wconf 79' lang='grc' dir='ltr'><strong><em>ξένου</em></strong></span> <span class='ocrx_word' id='word_1_274' title='bbox 1269 3015 1384 3069; x_wconf 76' lang='lat' dir='ltr'><strong><em>BE:</em></strong></span> <span class='ocrx_word' id='word_1_275' title='bbox 1433 3013 1507 3076; x_wconf 83' lang='grc' dir='ltr'><strong><em>ὡς</em></strong></span> <span class='ocrx_word' id='word_1_276' title='bbox 1542 3013 1586 3078; x_wconf 82' lang='grc' dir='ltr'><strong><em>ξ.</em></strong></span> <span class='ocrx_word' id='word_1_277' title='bbox 1619 3015 1657 3068; x_wconf 83' lang='lat' dir='ltr'>D</span> <span class='ocrx_word' id='word_1_278' title='bbox 1698 3031 1804 3068; x_wconf 91' lang='lat' dir='ltr'><strong><em>om.</em></strong></span> <span class='ocrx_word' id='word_1_279' title='bbox 1847 3012 1887 3070; x_wconf 77' lang='lat' dir='ltr'>ss</span> <span class='ocrx_word' id='word_1_280' title='bbox 2065 3017 2098 3066; x_wconf 88' lang='lat'>8</span> <span class='ocrx_word' id='word_1_281' title='bbox 2138 3012 2236 3067; x_wconf 80' lang='grc' dir='ltr'><strong><em>καὶ</em></strong></span> <span class='ocrx_word' id='word_1_282' title='bbox 2273 3015 2408 3066; x_wconf 74' lang='lat' dir='ltr'><strong>ante</strong></span> 
     </span>
     <span class='ocr_line' id='line_1_33' title="bbox 374 3081 2409 3156; baseline -0.003 -14"><span class='ocrx_word' id='word_1_283' title='bbox 374 3098 537 3156; x_wconf 83' lang='grc' dir='ltr'><strong><em>ψευσ.</em></strong></span> <span class='ocrx_word' id='word_1_284' title='bbox 578 3086 707 3140; x_wconf 76' lang='lat' dir='ltr'><strong>add.</strong></span> <span class='ocrx_word' id='word_1_285' title='bbox 740 3088 777 3141; x_wconf 83' lang='lat' dir='ltr'><strong>D</strong></span> <span class='ocrx_word' id='word_1_286' title='bbox 908 3090 939 3138; x_wconf 85' lang='lat'>9</span> <span class='ocrx_word' id='word_1_287' title='bbox 978 3082 1386 3156; x_wconf 76' lang='grc' dir='ltr'><strong><em>ὅ-ἤμαρτεν]</em></strong></span> <span class='ocrx_word' id='word_1_288' title='bbox 1424 3100 1529 3137; x_wconf 89' lang='lat' dir='ltr'><strong><em>om.</em></strong></span> <span class='ocrx_word' id='word_1_289' title='bbox 1572 3086 1609 3139; x_wconf 83' lang='lat' dir='ltr'><strong>D</strong></span> <span class='ocrx_word' id='word_1_290' title='bbox 1667 3081 1752 3138; x_wconf 80' lang='grc' dir='ltr'><strong><em>ὅτι</em></strong></span> <span class='ocrx_word' id='word_1_291' title='bbox 1789 3081 2037 3154; x_wconf 77' lang='grc' dir='ltr'><strong><em>ἥμαρτον</em></strong></span> <span class='ocrx_word' id='word_1_292' title='bbox 2075 3083 2131 3140; x_wconf 79' lang='lat' dir='ltr'><strong><em>ss.</em></strong></span> <span class='ocrx_word' id='word_1_293' title='bbox 2192 3083 2409 3137; x_wconf 78' lang='lat' dir='ltr'><strong>Seclusi</strong></span> 
     </span>
     <span class='ocr_line' id='line_1_34' title="bbox 522 3151 2408 3227; baseline -0.002 -16"><span class='ocrx_word' id='word_1_294' title='bbox 522 3164 585 3211; x_wconf 93' lang='grc'><strong><em>11</em></strong></span> <span class='ocrx_word' id='word_1_295' title='bbox 627 3157 749 3212; x_wconf 81' lang='grc' dir='ltr'><strong><em>ἐπεὶ</em></strong></span> <span class='ocrx_word' id='word_1_296' title='bbox 786 3174 921 3227; x_wconf 82' lang='lat' dir='ltr'>ego:</span> <span class='ocrx_word' id='word_1_297' title='bbox 962 3156 1055 3210; x_wconf 70' lang='grc' dir='ltr'><strong><em>ἐπὶ</em></strong></span> <span class='ocrx_word' id='word_1_298' title='bbox 1229 3161 1293 3210; x_wconf 84' lang='grc'><strong><em>15</em></strong></span> <span class='ocrx_word' id='word_1_299' title='bbox 1334 3154 1671 3226; x_wconf 75' lang='grc' dir='ltr'><strong><em>βλέπουσανε</em></strong></span> <span class='ocrx_word' id='word_1_300' title='bbox 1713 3158 1746 3210; x_wconf 77' lang='lat' dir='ltr'>h</span> <span class='ocrx_word' id='word_1_301' title='bbox 1913 3161 1978 3208; x_wconf 83' lang='lat'><strong><em>16</em></strong></span> <span class='ocrx_word' id='word_1_302' title='bbox 2011 3151 2408 3225; x_wconf 77' lang='grc' dir='ltr'><strong><em>Ἀρχεστράτου</em></strong></span> 
     </span>
     <span class='ocr_line' id='line_1_35' title="bbox 379 3224 2301 3300; baseline -0.002 -17"><span class='ocrx_word' id='word_1_303' title='bbox 379 3228 591 3300; x_wconf 74' lang='grc' dir='ltr'><strong><em>(υἱὸν)</em></strong></span> <span class='ocrx_word' id='word_1_304' title='bbox 623 3230 654 3282; x_wconf 85' lang='lat' dir='ltr'>b</span> <span class='ocrx_word' id='word_1_305' title='bbox 801 3235 869 3282; x_wconf 90' lang='grc'><strong><em>20</em></strong></span> <span class='ocrx_word' id='word_1_306' title='bbox 907 3226 1160 3297; x_wconf 78' lang='lat' dir='ltr'><strong>supplevi</strong></span> <span class='ocrx_word' id='word_1_307' title='bbox 1196 3243 1265 3280; x_wconf 82' lang='lat' dir='ltr'><strong><em>ex</em></strong></span> <span class='ocrx_word' id='word_1_308' title='bbox 1302 3229 1341 3282; x_wconf 87' lang='lat' dir='ltr'>V</span> <span class='ocrx_word' id='word_1_309' title='bbox 1380 3229 1521 3296; x_wconf 85' lang='lat'>(311,</span> <span class='ocrx_word' id='word_1_310' title='bbox 1543 3228 1596 3295; x_wconf 87' lang='grc'><strong><em>6)</em></strong></span> <span class='ocrx_word' id='word_1_311' title='bbox 1743 3231 1807 3279; x_wconf 90' lang='grc'><strong><em>21</em></strong></span> <span class='ocrx_word' id='word_1_312' title='bbox 1848 3224 2220 3296; x_wconf 54' lang='grc' dir='ltr'><strong><em>ἀπαγγελίαν</em></strong></span> <span class='ocrx_word' id='word_1_313' title='bbox 2261 3227 2301 3280; x_wconf 80' lang='lat' dir='ltr'>V</span> 
     </span>
     <span class='ocr_line' id='line_1_36' title="bbox 379 3296 2408 3370; baseline 0 -20"><span class='ocrx_word' id='word_1_314' title='bbox 379 3304 444 3351; x_wconf 88' lang='grc'><strong><em>22</em></strong></span> <span class='ocrx_word' id='word_1_315' title='bbox 492 3299 555 3369; x_wconf 91' lang='grc'><strong><em>1.]</em></strong></span> <span class='ocrx_word' id='word_1_316' title='bbox 596 3297 625 3352; x_wconf 86' lang='grc' dir='ltr'>ὁ</span> <span class='ocrx_word' id='word_1_317' title='bbox 664 3297 870 3366; x_wconf 86' lang='grc' dir='ltr'><strong><em>μέλλων</em></strong></span> <span class='ocrx_word' id='word_1_318' title='bbox 916 3299 1117 3370; x_wconf 84' lang='grc' dir='ltr'><strong><em>χρόνος</em></strong></span> <span class='ocrx_word' id='word_1_319' title='bbox 1155 3298 1275 3368; x_wconf 83' lang='lat' dir='ltr'><strong>0(v)</strong></span> <span class='ocrx_word' id='word_1_320' title='bbox 1495 3303 1560 3351; x_wconf 84' lang='lat'><strong><em>23</em></strong></span> <span class='ocrx_word' id='word_1_321' title='bbox 1609 3296 1769 3368; x_wconf 85' lang='grc' dir='ltr'><strong><em>μετὰ]</em></strong></span> <span class='ocrx_word' id='word_1_322' title='bbox 1816 3297 1878 3350; x_wconf 78' lang='lat' dir='ltr'><strong><em>ft.</em></strong></span> <span class='ocrx_word' id='word_1_323' title='bbox 1921 3297 2064 3351; x_wconf 84' lang='grc' dir='ltr'><strong><em>κατὰ</em></strong></span> <span class='ocrx_word' id='word_1_324' title='bbox 2107 3300 2127 3366; x_wconf 78' lang='grc' dir='ltr'><strong><em>ΙΙ</em></strong></span> <span class='ocrx_word' id='word_1_325' title='bbox 2174 3297 2408 3352; x_wconf 79' lang='grc' dir='ltr'><strong><em>ἔσεσθαι</em></strong></span> 
     </span>
     <span class='ocr_line' id='line_1_37' title="bbox 380 3366 2406 3438; baseline -0.001 -14"><span class='ocrx_word' id='word_1_326' title='bbox 380 3369 596 3425; x_wconf 72' lang='lat' dir='ltr'><strong>enfin:</strong></span> <span class='ocrx_word' id='word_1_327' title='bbox 639 3367 878 3423; x_wconf 76' lang='grc' dir='ltr'><strong><em>ἕπεσθαι</em></strong></span> <span class='ocrx_word' id='word_1_328' title='bbox 916 3373 998 3426; x_wconf 79' lang='lat' dir='ltr'><strong><em>BV</em></strong></span> <span class='ocrx_word' id='word_1_329' title='bbox 1044 3371 1061 3438; x_wconf 79' lang='grc' dir='ltr'><strong><em>ΙΙ</em></strong></span> <span class='ocrx_word' id='word_1_330' title='bbox 1106 3366 1247 3423; x_wconf 83' lang='grc' dir='ltr'><strong><em>καθ’</em></strong></span> <span class='ocrx_word' id='word_1_331' title='bbox 1282 3366 1350 3423; x_wconf 81' lang='grc' dir='ltr'><strong><em>ὃν</em></strong></span> <span class='ocrx_word' id='word_1_332' title='bbox 1391 3368 1609 3425; x_wconf 74' lang='lat' dir='ltr'>GDEss:</span> <span class='ocrx_word' id='word_1_333' title='bbox 1654 3367 1865 3423; x_wconf 83' lang='grc' dir='ltr'><strong><em>καθότι</em></strong></span> <span class='ocrx_word' id='word_1_334' title='bbox 1899 3369 1998 3422; x_wconf 76' lang='grc' dir='ltr'><strong><em>καὶ</em></strong></span> <span class='ocrx_word' id='word_1_335' title='bbox 2036 3371 2118 3422; x_wconf 79' lang='lat' dir='ltr'><strong><em>BV</em></strong></span> <span class='ocrx_word' id='word_1_336' title='bbox 2263 3373 2333 3420; x_wconf 85' lang='lat'><strong><em>24</em></strong></span> <span class='ocrx_word' id='word_1_337' title='bbox 2375 3367 2406 3422; x_wconf 85' lang='grc' dir='ltr'><em>ὃ</em></span> 
     </span>
     <span class='ocr_line' id='line_1_38' title="bbox 379 3437 2408 3510; baseline 0.001 -18"><span class='ocrx_word' id='word_1_338' title='bbox 379 3438 697 3508; x_wconf 80' lang='grc' dir='ltr'><strong><em>μελλητικός</em></strong></span> <span class='ocrx_word' id='word_1_339' title='bbox 732 3457 837 3493; x_wconf 90' lang='lat' dir='ltr'><strong><em>om.</em></strong></span> <span class='ocrx_word' id='word_1_340' title='bbox 879 3443 916 3496; x_wconf 84' lang='lat' dir='ltr'>D</span> <span class='ocrx_word' id='word_1_341' title='bbox 953 3442 973 3510; x_wconf 83' lang='grc' dir='ltr'><strong><em>ΙΙ</em></strong></span> <span class='ocrx_word' id='word_1_342' title='bbox 1010 3439 1227 3504; x_wconf 53' lang='grc'><strong><em>301191·</em></strong></span> <span class='ocrx_word' id='word_1_343' title='bbox 1256 3437 1293 3508; x_wconf 82' lang='grc' dir='ltr'><strong>ἢ</strong></span> <span class='ocrx_word' id='word_1_344' title='bbox 1341 3438 1515 3502; x_wconf 72' lang='grc' dir='ltr'><strong><em>οὕτως</em></strong></span> <span class='ocrx_word' id='word_1_345' title='bbox 1556 3456 1765 3508; x_wconf 75' lang='lat' dir='ltr'><strong>praem.</strong></span> <span class='ocrx_word' id='word_1_346' title='bbox 1808 3441 1848 3494; x_wconf 87' lang='grc' dir='ltr'><strong>Β</strong></span> <span class='ocrx_word' id='word_1_347' title='bbox 1904 3437 2079 3501; x_wconf 78' lang='grc' dir='ltr'><strong><em>ἄλλως</em></strong></span> <span class='ocrx_word' id='word_1_348' title='bbox 2112 3455 2324 3507; x_wconf 80' lang='lat' dir='ltr'><strong>praem.</strong></span> <span class='ocrx_word' id='word_1_349' title='bbox 2369 3441 2408 3494; x_wconf 90' lang='grc' dir='ltr'>Ε</span> 
     </span>
     <span class='ocr_line' id='line_1_39' title="bbox 488 3509 2260 3580; baseline 0.001 -17"><span class='ocrx_word' id='word_1_350' title='bbox 488 3515 555 3564; x_wconf 85' lang='grc'><strong><em>25</em></strong></span> <span class='ocrx_word' id='word_1_351' title='bbox 591 3512 721 3579; x_wconf 70' lang='lat' dir='ltr'><strong>post</strong></span> <span class='ocrx_word' id='word_1_352' title='bbox 754 3529 961 3580; x_wconf 79' lang='grc' dir='ltr'><strong><em>παραγ.</em></strong></span> <span class='ocrx_word' id='word_1_353' title='bbox 1000 3511 1113 3564; x_wconf 81' lang='lat' dir='ltr'><strong>sch.</strong></span> <span class='ocrx_word' id='word_1_354' title='bbox 1146 3518 1177 3563; x_wconf 88' lang='grc'><strong>9</strong></span> <span class='ocrx_word' id='word_1_355' title='bbox 1188 3529 1229 3580; x_wconf 81' lang='lat' dir='ltr'>g</span> <span class='ocrx_word' id='word_1_356' title='bbox 1272 3511 1437 3564; x_wconf 81' lang='lat' dir='ltr'>inser.</span> <span class='ocrx_word' id='word_1_357' title='bbox 1471 3512 1552 3565; x_wconf 86' lang='grc' dir='ltr'><strong><em>Βν</em></strong></span> <span class='ocrx_word' id='word_1_358' title='bbox 1579 3512 1598 3578; x_wconf 81' lang='grc' dir='ltr'><strong><em>ΙΙ</em></strong></span> <span class='ocrx_word' id='word_1_359' title='bbox 1625 3517 1982 3580; x_wconf 83' lang='grc' dir='ltr'><strong><em>καταισχύνει</em></strong></span> <span class='ocrx_word' id='word_1_360' title='bbox 2019 3509 2199 3577; x_wconf 62' lang='lat' dir='ltr'><strong>codd„</strong></span> <span class='ocrx_word' id='word_1_361' title='bbox 2227 3525 2260 3564; x_wconf 80' lang='lat' dir='ltr'>v</span> 
     </span>
     <span class='ocr_line' id='line_1_40' title="bbox 382 3579 1441 3652; baseline 0.002 -20"><span class='ocrx_word' id='word_1_362' title='bbox 382 3584 449 3633; x_wconf 85' lang='grc'><strong><em>26</em></strong></span> <span class='ocrx_word' id='word_1_363' title='bbox 486 3579 645 3652; x_wconf 83' lang='grc' dir='ltr'><strong><em>χρέος</em></strong></span> <span class='ocrx_word' id='word_1_364' title='bbox 682 3597 787 3634; x_wconf 88' lang='lat' dir='ltr'><strong><em>om.</em></strong></span> <span class='ocrx_word' id='word_1_365' title='bbox 830 3580 867 3637; x_wconf 77' lang='lat' dir='ltr'><strong>G</strong></span> <span class='ocrx_word' id='word_1_366' title='bbox 922 3579 1082 3651; x_wconf 80' lang='grc' dir='ltr'><strong><em>χρέος</em></strong></span> <span class='ocrx_word' id='word_1_367' title='bbox 1118 3582 1215 3635; x_wconf 85' lang='grc' dir='ltr'><strong><em>καὶ</em></strong></span> <span class='ocrx_word' id='word_1_368' title='bbox 1252 3597 1359 3634; x_wconf 91' lang='lat' dir='ltr'><strong><em>om.</em></strong></span> <span class='ocrx_word' id='word_1_369' title='bbox 1401 3581 1441 3639; x_wconf 77' lang='lat' dir='ltr'>ss</span> 
     </span>
    </p>
   </div>
  </div>
 </body>
</html>
