2646 3882
1028 217 1248 287 olymp.
1277 217 1331 270 X
1367 223 1434 271 ιτ
1451 249 1513 257 -
1529 223 1595 271 ιο
1884 214 1888 218 ’
2187 217 2320 281 315

294 385 616 462 Ζάλευκός,
643 384 897 457 πολλοὺς
935 384 1158 464 νόμους
1188 383 1480 463 δυνηθεὶς
1515 385 1862 465 εἰσενεγκεῖν
1899 390 2022 457 τοῖς
2057 386 2322 457 πολίταις

299 473 613 552 δοκίμους,
667 474 961 553 γνωσθείς
1004 496 1065 534 τε
1108 472 1211 534 καὶ
1256 472 1576 554 ἐρωτηθεὶς
1619 472 1816 535 πόθεν
1860 474 2054 555 εὕροι,
2099 472 2320 552 ἔφησεν

296 560 583 623 ἐνύπνιον
645 562 806 646 αὐτῷ
870 560 981 640 τὴν
1036 555 1304 640 Ἀθηνᾶν
1368 563 1768 643 παρίστασθαι
1781 577 1793 589 ’
1865 561 1957 623 διὸ
2021 561 2200 635 αὐτός
2263 585 2322 623 τε

296 648 694 731 ἠλευθέρωται
737 649 837 711 καὶ
882 649 1213 729 νομοθέτης
1255 649 1516 730 κατέστη.
1651 653 1709 714 k.
1756 651 1867 712 οὐκ
1912 649 2027 712 ἀπὸ
2067 660 2294 713 σκοποῦ
2323 668 2532 723 acuto

247 762 276 802 6
308 736 372 800 δὲ
420 740 742 818 μουσικοὺς
788 733 911 800 εἶπε
947 739 1086 812 τοὺς
1113 740 1417 820 Λοκρούς·
1466 738 1751 821 Λοκριστὶ
1796 740 1908 820 γάρ
1944 764 2030 812 τις
2067 737 2323 821 ἁρμονία

296 826 475 907 ἐστὶν,
519 825 598 907 ἣν
643 825 897 908 ἀσκῆσαί
942 846 1091 906 φασι
1134 825 1486 910 Ξενόκριτον
1530 828 1634 891 τὸν
1679 828 1941 909 Λοκρόν.
2003 838 2124 902 1⁷⁶0

437 919 516 976 18
536 938 591 977 a.
637 918 1041 998 Ζεφυρίωνε
1078 926 1196 978 τῶν
1228 912 1678 997 Ἐπιζεφυρίων.
1751 918 1956 997 τρισσά
1991 917 2139 978 εἰσιν
2167 912 2320 996 (gv)
2345 936 2378 979 Α

289 1002 527 1067 Ἑλλάδι
571 1005 725 1085 ἔθνη
772 1015 889 1067 τῶν
934 1011 1220 1088 Λοκρῶν·
1269 1000 1712 1085 Ἐπικνημίδιοι
1763 1005 1864 1067 καὶ
1915 1000 2137 1079 Ὀζόλαι
2180 1001 2323 1084 (καὶ

289 1089 763 1174 Ἐπιζεφύριοι>
806 1090 1246 1174 Ἐπικνημίδιοι
1292 1092 1401 1175 μὲν
1447 1095 1512 1156 οἱ
1536 1094 1694 1207 μετὰ
1737 1104 1843 1157 τοῦ
1874 1088 2104 1167 Ὀιλέως
2132 1095 2323 1155 Αιαν-

212 1206 271 1247 ιο
300 1205 400 1256 τος
445 1184 530 1255 εἰς
557 1180 743 1245 Ἴλιον
788 1183 1279 1266 παραγενόμενοι·
1329 1186 1390 1245 οἳ
1431 1182 1554 1245 τὸ’
1535 1180 1727 1263 ὄνομα
1760 1177 1903 1288 παρ’
1934 1182 2041 1256 οὓς
2079 1185 2147 1245 αἰ
2176 1206 2324 1262 κνη-

303 1272 467 1351 μῖδες
513 1281 619 1333 τοῦ
659 1267 890 1345 Ὀιλέως
933 1273 1197 1346 Αἴαντος
1242 1273 1395 1334 οπου
1440 1294 1679 1333 κεινται.
1767 1264 1992 1345 Ὀζόλαι
2037 1269 2101 1333 δὲ
2147 1270 2324 1351 ὑπέρ-

296 1383 521 1423 κεινται
574 1359 675 1421 καὶ
736 1360 905 1422 αὐτοὶ
952 1407 1186 1422 ......
1235 1360 1353 1423 ἀπὸ
1406 1370 1523 1422 τῶν
1587 1361 1902 1442 φυγόντων
1966 1361 2325 1441 Κενταύρων

296 1449 643 1528 ἐκλήθησαν
683 1444 921 1524 Ὀζόλαι.
1012 1451 1208 1531 τρίτον
1255 1448 1320 1510 δὲ
1359 1445 1766 1531 Ἐπιζεφύριοι
1795 1443 2001 1511 Ἰταλοὶ
2036 1451 2178 1529 μίαν
2215 1450 2324 1510 πό-

299 1543 395 1599 λιν
439 1538 540 1599 καὶ
586 1538 699 1599 ουκ
742 1538 1010 1617 ἐθνηδὸν
1048 1540 1376 1612 οἰκοῦντες·
1427 1538 1543 1601 ἀπὸ
1579 1536 1706 1606 δὲ]
1680 1536 1865 1619 ἄκρας
1902 1537 2324 1621 ὑπερκειμένης

213 1650 267 1691 15
294 1621 710 1709 Ἐπιζεφυρίας
754 1626 1099 1706 ἐκλήθησαν
1138 1622 1568 1707 Ἐπιζεφύριοι·
1624 1620 1709 1688 ὧν
1756 1622 1840 1700 εἷς
1884 1626 2040 1688 ἔστιν
2091 1628 2122 1691 ὃ
2169 1650 2326 1689 νενι-

295 1715 509 1794 κηκώς.

436 1807 593 1865 18b.
666 1804 875 1884 μέλει
934 1803 1007 1865 τὲ
1066 1823 1200 1883 σφι
1251 1805 1693 1866 Καλλιόπα.
1759 1804 1870 1866 ουκ
1927 1804 2043 1866 ἀπὸ
2096 1815 2380 1867 σκοποῢΑ

296 1894 543 1968 τούτους
598 1888 721 1956 εἷπε
776 1894 917 1968 τοὺς
972 1894 1251 1976 Λοκροὺς
1316 1894 1670 1974 μουσικοὺς,
1737 1887 1862 1955 ἀλλ’
1905 1893 1994 1956 ὅτι
2057 1894 2176 1956 ἔστι
2239 1916 2326 1967 τις

296 1982 553 2065 ἁρμονία
606 1983 894 2064 Λοκριστὶ
949 1981 1506 2065 προσαγορευομένη
1526 2028 1545 2062 ,
1607 1981 1686 2062 ἣν
1750 1983 2114 2063 ξυναρμόσαι
2177 1983 2325 2060 φασὶ

212 2097 271 2137 20
298 2070 647 2153 Ξενόκριτον
692 2073 795 2134 τὸν
832 2072 1092 2154 Λοκρόν.
1185 2073 1556 2152 Καλλίμαχος
1603 2066 1703 2156 (fr.
1744 2066 1928 2155 541)·
1992 2069 2058 2144 ὃς
2098 2067 2325 2149 Ἰταλὴν

296 2157 579 2242 ἐφράσατ’
620 2159 932 2241 ἁρμονίην.

436 2254 515 2311 19
540 2271 591 2311 a..
657 2248 943 2311 Κυκνέα
990 2251 1198 2330 μαχη;
1246 2250 1336 2310 ότι
1374 2249 1479 2311 τὸν
1507 2247 1716 2330 ”Apsos
1753 2251 1999 2311 Κύκνον
2029 2242 2392 2329 (ΗρακληςΑ

294 2337 511 2421 φυγὼν
566 2330 734 2412 αὖτις
777 2337 998 2418 ἀνεῖλε,
1052 2339 1417 2420 Στησίχορος
1461 2332 1561 2421 (fr.
1596 2333 1707 2422 12)
1757 2337 1823 2399 ἐν
1877 2362 1958 2399 τω
2004 2337 2326 2418 ἐπιγραφο-

300 2427 458 2512 μένω
510 2429 734 2490 Κύκνω
795 2429 999 2506 φησίν.
1093 2427 1191 2488 δια
1251 2427 1356 2489 τὸν
1411 2421 1808 2508 Ἀγησίδαμον
1870 2425 1933 2488 δὲ
1995 2427 2231 2499 εἰκότως
2287 2423 2325 2504 ἡ

447 2586 475 2634 7
515 2582 627 2635 sch.
666 2583 717 2633 A
755 2585 797 2633 Β
828 2587 929 2634 527

445 2731 472 2777 1
514 2722 791 2814 δυνηθείη
828 2739 860 2778 ν
896 2725 915 2792 ΙΙ
949 2731 1069 2786 τοῖς
1103 2725 1224 2777 πολ.
1265 2722 1599 2792 εἰσενεγκεῖν
1638 2725 1720 2778 Βν
1879 2729 1910 2776 2
1947 2741 2007 2777 τε
2045 2740 2152 2777 om.
2193 2725 2275 2778 Bv
2310 2723 2331 2796 ΙΙ

298 2797 507 2865 ἔφησεν
547 2793 632 2850 ὅτι
671 2797 707 2851 Ε
886 2799 919 2848 3
958 2793 1194 2849 ἐνύπνια
1234 2795 1270 2848 Ε
1308 2797 1329 2861 ΙΙ
1374 2792 1883 2861 παραστήσασθαιῖ
1922 2796 1961 2849 Β
1989 2796 2008 2864 ΙΙ
2034 2795 2118 2865 τε]
2154 2803 2255 2849 τοῦ
2294 2797 2330 2850 Ε

442 2871 479 2919 4
515 2864 865 2936 ἠλευθέρωτο
897 2867 953 2920 Β.
991 2864 1106 2991 „R
1137 2865 1510 2934 ἠλευθερώθη
1620 2871 1670 2919 4.
1693 2870 1725 2919 5
1764 2864 1877 2919 ἄπο
1907 2865 1970 2920 δὲ
1999 2882 2081 2918 σκ.
2116 2867 2152 2920 D
2193 2865 2329 2936 (ἄπο

299 2940 358 2992 et
396 2939 457 3008 Β)
603 2942 635 2991 5
672 2939 802 3005 λοκρ
806 2933 948 2990 ισίαι
1169 2941 1200 2989 6
1240 2937 1545 2990 ἀσκεῖσθαι
1582 2937 1621 2990 Β
1649 2938 1668 3005 11
1706 2953 1848 3024 φασι
1889 2938 1927 2991 Β
1965 2937 2085 3006 (cfr.
2125 2938 2166 2992 Α
2209 2939 2328 3005 19);

294 3007 515 3078 λέγεται
553 3008 692 3064 ΟΕΟ
821 3013 850 3061 ’1
896 3004 1189 3076 Ζεφυρίων
1226 3006 1453 3075 scripsi.
1486 3003 1897 3075 Ἐπιζεφυρίων
1923 3009 1943 3076 ΙΙ
1969 3008 2206 3076 τρισσοὶε
2249 3009 2280 3061 Β
2309 3008 2329 3078 ΙΙ

298 3030 392 3136 &vy
400 3080 527 3134 add.
569 3082 602 3134 Β
714 3084 747 3132 8
784 3085 1033 3167 Λοκρῶν
1057 3094 1185 3148 ego:
1226 3077 1535 3132 οἰκούντων
1646 3083 1693 3131 8.
1717 3083 1748 3130 9
1787 3077 1970 3147 suppl.
2013 3081 2044 3133 Β
2156 3082 2186 3130 9
2219 3075 2330 3132 ’-Οι

299 3150 434 3215 λέως
471 3168 575 3221 ego
614 3150 679 3204 cl.
714 3156 776 3204 11
810 3152 867 3204 et
895 3156 991 3204 22.
1017 3146 1223 3204 Ἰολέου
1252 3149 1295 3203 Α
1329 3144 1562 3203 Ὀιλείου
1595 3150 1625 3203 Β
1739 3154 1802 3202 10
1826 3167 1892 3216 sq
1894 3147 2032 3212 ,οῖς
2058 3149 2120 3202 τὸ
2151 3147 2332 3218 ὄνομα

300 3243 415 3290 παρ
423 3170 634 3291 ’ὄρους
651 3223 940 3291 Κνημῖδος
968 3217 1109 3275 ὅπου
1139 3229 1354 3275 κεῖνται
1384 3222 1431 3275 Β.
1480 3219 1587 3272 Pro
1619 3215 1761 3274 ὅπου
1781 3229 1996 3275 κεῖνται
2024 3219 2135 3273 fuit
2161 3169 2332 3302 ὑπόρ-

300 3313 542 3360 κεινται,
581 3296 767 3347 cetera.
802 3309 916 3346 non
953 3292 1219 3366 expedio
1329 3297 1391 3344 11
1425 3286 1705 3360 Ἰολ(έως);
1745 3307 1848 3360 ego
1997 3297 2061 3345 12
2101 3290 2207 3345 lac.
2245 3291 2332 3344 in-

301 3365 486 3419 dicavi
514 3368 533 3434 Η
563 3363 858 3435 φυγόντων
887 3357 1235 3432 corruptum}
1271 3378 1345 3415 an
1373 3360 1753 3430 πυθομένωνῖ
1789 3362 1887 3418 cfr.
1920 3362 2100 3416 Strab.
2122 3361 2199 3415 IX
2226 3367 2330 3416 427

412 3460 479 3508 14
519 3454 697 3522 ἄκρας
725 3456 783 3508 Β.
824 3435 969 3508 ἀκα
1100 3455 1165 3505 18
1201 3450 1436 3514 τούτους
1472 3467 1601 3540 ego:
1639 3459 1802 3506 τοῦτο
1950 3456 2015 3504 19
2053 3466 2334 3538 προσαγο-

302 3524 633 3616 ρευόμενονι
674 3528 704 3581 Β
733 3527 752 3594 ΙΙ
781 3525 944 3594 φησὶτ
986 3525 1017 3579 Β
1128 3527 1195 3576 20
1234 3521 1296 3584 ὅς
1330 3519 1382 3576 τ’
1421 3525 1451 3578 Β
1480 3525 1499 3591 Η
1537 3521 1776 3592 Ιταλ(ὴν)
1804 3524 1823 3591 ΙΙ
1852 3516 2177 3590 ἐφρασσατῆ
2219 3520 2250 3572 Β

304 3603 370 3650 21
410 3595 685 3666 ἁρμονίην
722 3601 813 3653 A„
925 3601 1009 3648 23.
1034 3600 1104 3647 24
1139 3595 1256 3664 τ(ᾢ)
1296 3592 1764 3666 ἐπιγρα(φομένῳ)
