2646 3882
839 215 1075 287 ,Olymp
1105 216 1235 271 VIII
1265 217 1537 271 ΙΙΙ-[Χ
1572 220 1732 272 metr.
2177 220 2307 283 265

544 482 806 552 Scholia
847 486 922 551 in
969 484 1559 573 Olympionicarum
1605 504 1867 555 carmen
1913 488 2025 554 IX.

403 641 792 758 Ἐφαρμόστῳ
833 643 1157 735 Ὀπουντίῳ
1203 654 1507 735 παλαιστῇ.
2270 673 2525 729 stanneo

413 740 536 799 Τοῦ
582 734 649 799 θ’
693 712 891 811 εἴδους
937 736 975 817 ἡ
1024 738 1250 821 στροφὴ
1297 738 1398 799 καὶ
1443 737 1833 821 ἀντίστροφος
1878 740 2086 803 κώλων
2124 739 2225 811 ις’.
2332 763 2452 818 neo

280 825 344 887 τὸ
375 823 432 886 α’
460 824 886 889 ἀναπαιστικὸν
914 828 1278 910 μονόμετρον
1306 826 1839 908 ὑπερκατᾶληκτον.
1967 829 2031 891 τὸ
2061 827 2120 911 β’
2148 832 2308 892 ἰωνι-

279 916 389 976 κὸν
437 915 708 998 δίμετρον
753 915 1178 995 καταληκτικὸν
1223 917 1309 989 εἰς
1354 915 1672 999 τροχαϊκὴν
1717 919 2018 1000 συζυγίαν.
2154 919 2218 981 τὸ
2255 916 2309 1001 γ’

227 1025 250 1065 5
284 1006 639 1066 Φαλαίκειον
694 1003 1167 1073 ἀντισπαστικόν.
1303 1005 1369 1067 τὸ
1416 1001 1469 1067 δ’
1513 1006 1919 1086 Πυκῶνειον,
1976 1002 2107 1070 οἷόν
2151 1006 2309 1070 ἐστιν

283 1092 752 1156 ἀντισπαστικόν.
875 1094 943 1157 τὸ
979 1091 1025 1155 ε’
1061 1094 1340 1175 ἰαμβικὸν
1378 1095 1741 1177 μονόμετρον
1778 1096 2309 1177 ὑπερκατάληκτον.

371 1182 435 1244 τὸ
485 1179 540 1251 ς’
604 1182 813 1261 ὅμοιον
866 1188 948 1268 τῷ
1004 1180 1073 1245 δ’.
1218 1183 1286 1245 τὸ
1332 1180 1382 1256 ζ’
1446 1183 1691 1245 ἰωνικὸν
1754 1184 2027 1266 δίμετρον
2090 1188 2310 1267 βραχυ-

179 1268 182 1271 ’
282 1271 660 1349 κατάληκτον.
795 1270 859 1333 τὸ
906 1269 966 1351 η’
1021 1272 1228 1353 ὅμοιον
1282 1278 1365 1356 τῷ
1419 1269 1474 1333 δ’
1516 1272 1618 1335 καὶ
1664 1270 1735 1343 ς’.
1870 1272 1935 1335 τὸ
1981 1270 2048 1336 θ’
2102 1274 2311 1354 ὅμοιον

283 1364 374 1443 τῷ
399 1354 463 1431 ζ’.
590 1360 654 1421 τὸ
685 1358 724 1421 ι’
759 1360 1120 1441 περιοδικὸν,
1156 1360 1445 1442 ἐπίτριτος
1481 1364 1777 1443 τροχαῖος.
1892 1363 1957 1425 τὸ
1986 1359 2067 1424 ια’
2104 1363 2311 1442 ὅμοιον

203 1470 256 1510 10
285 1454 366 1533 τῷ
413 1446 463 1522 ζ’
507 1448 608 1510 καὶ
641 1456 722 1534 τῷ
759 1445 840 1512 θ’.
976 1450 1040 1513 τὸ
1088 1447 1169 1531 ιβ’
1213 1450 1607 1513 Γλυκῶνειον.
1743 1450 1809 1512 τὸ
1855 1446 1934 1533 ιγ’
1978 1452 2186 1532 ομοιον
2231 1459 2311 1539 τῷ

287 1534 336 1610 ζ
370 1537 469 1600 καὶ
513 1534 578 1598 θ’
623 1537 724 1599 καὶ
769 1536 864 1599 ια’.
999 1540 1064 1601 τὸ
1103 1536 1180 1601 ιδ’
1228 1539 1507 1620 ἰαμβικὸν
1554 1540 1825 1621 δίμετρον
1870 1542 2315 1620 καταληκτικόν.

374 1626 438 1688 τὸ
487 1624 557 1687 ιε’
618 1627 935 1691 ἐπιωνικὸν
999 1626 1284 1708 ἄτακτον,
1349 1626 1407 1715 β’
1462 1630 1783 1691 σπονδεῖον
1838 1628 1987 1710 ἕχον.
2123 1630 2188 1693 τὸ
2236 1628 2315 1701 ις’

287 1714 604 1777 ἐπιωνικὸν
648 1716 920 1797 καθαρὸν
967 1718 1239 1799 δίμετρον
1285 1716 1704 1795 ἄκατάληκτον.

421 1801 458 1883 ἡ
499 1802 562 1865 δὲ
599 1803 826 1891 ἐπῳδὸς
861 1806 1066 1868 κώλων
1105 1804 1160 1868 ι’.
1285 1805 1350 1869 τὸ
1382 1803 1437 1867 α’
1475 1806 1752 1888 ἰαμβικὸν
1791 1807 2062 1888 δίμετρον
2099 1805 2313 1869 ἀκατά-

208 1913 260 1954 15
290 1897 521 2006 ληκτον.
656 1893 720 1956 τὸ
759 1892 815 1975 β’
862 1894 1140 1976 ἰαμβικὸν
1187 1896 1459 1976 δίμετρον
1496 1896 2025 1976 ὑπερκατάληκτον.
2158 1895 2224 1960 τὸ
2261 1894 2316 1980 γ’

291 1980 717 2045 ἀναπαιστικὸν
755 1985 1027 2065 δίμετρον
1062 1990 1392 2066 καταλῆγον
1427 1992 1531 2070 μιᾷ
1568 1989 1849 2072 συλλαβῇ.
1974 1986 2039 2047 τὸ
2069 1983 2123 2048 δ’
2153 1987 2314 2049 ἰωνι-

291 2071 401 2132 κὸν
453 2077 786 2154 καταλῆγον
839 2074 926 2147 εἰς
979 2072 1294 2154 τροχαϊκὴν
1342 2075 1623 2156 συζυγίαν
1672 2075 1945 2156 δίμετρον
1989 2073 2313 2155 ὑπερκατά-

293 2165 526 2238 ληκτον.
669 2160 735 2222 τὸ
782 2158 828 2222 ε’
894 2161 1245 2223 δακτυλικὸν
1303 2161 1724 2244 ἓφθημιμερές.
1871 2163 1935 2224 τὸ
1982 2159 2039 2232 ς’
2100 2181 2317 2244 προσο-

294 2248 505 2309 διακὸν
559 2251 862 2332 τρίμετρον
916 2251 1366 2330 καταληκτικόν·
1434 2247 1489 2312 α’
1546 2253 1785 2326 ἰωνικὸς
1848 2251 1963 2313 ἀπὸ
2029 2253 2317 2332 μείζονος,

210 2358 264 2398 20
291 2331 350 2417 β’
395 2339 736 2419 χορίαμβος,
781 2336 836 2420 γ’
891 2339 1130 2412 ἰωνικὸς
1185 2333 1289 2400 ἀπ’
1331 2339 1663 2414 ἐλάσσονος.
1798 2341 1862 2402 τὸ
1910 2338 1962 2413 ζ’
2014 2342 2318 2423 τρίμετρον

435 2604 466 2652 2
503 2602 634 2668 post
670 2597 742 2659 ις’
775 2599 902 2652 add.
942 2598 977 2668 ἡ
1017 2600 1078 2653 δὲ
1119 2599 1306 2672 ἐπῳδὴ
1344 2601 1537 2654 κώλων
1576 2600 1729 2670 (ἐστὶ)
1768 2598 1804 2652 ι’
1838 2599 1925 2656 Εο
2004 2641 2014 2650 .
2081 2605 2112 2654 3
2148 2601 2317 2669 ὑπερ-

289 2669 636 2739 κατάληκτον
676 2673 741 2726 D:
789 2654 1208 2739 καταληπτικόν
1237 2672 1272 2725 Ε
1338 2671 1530 2738 υπερκ.
1570 2670 1651 2732 εἰς
1686 2671 2019 2760 δισυλλαβον
2059 2671 2140 2729 ον

290 2748 322 2795 4
360 2743 491 2810 post
527 2741 575 2811 γ’
618 2741 744 2796 add.
797 2741 1059 2813 ἰαμβικὸν
1091 2741 1367 2832 δίμετρον
1412 2741 1902 2829 ὑπερκαταληκτον
1943 2744 1980 2797 Ι)
2137 2748 2169 2796 5
2207 2763 2319 2812 φα·

289 2812 522 2882 λάγκιον
563 2816 598 2869 Ε
643 2815 662 2883 11
708 2811 1142 2868 ἀντισπαστικόν
1180 2831 1286 2868 om
1332 2815 1369 2868 Ι)
1590 2818 1620 2866 ’1
1670 2810 1863 2881 ὅμοιον
1908 2817 1986 2886 τῷ
2013 2813 2224 2882 ubique
2260 2830 2315 2869 ν.

293 2881 498 2953 ὁμοίως
541 2889 619 2973 τῷ
657 2884 868 2954 ubique
909 2885 999 2941 Εο
1055 2884 1256 2940 ὁποῖον
1291 2884 1356 2938 τὸ
1394 2883 1512 2938 fere
1552 2885 1589 2938 Ι)
1773 2889 1803 2936 8
1852 2882 1906 2937 δ’
1942 2867 2040 2938 καὶ
2077 2902 2183 2939 om.
2226 2888 2263 2941 D
2300 2882 2321 2958 11

292 2956 389 3009 καὶ
423 2959 501 3028 τῷ
531 2952 580 3014 ς’
622 2956 663 3012 0
817 2961 846 3008 9
885 2957 1099 3023 περιοδ.
1141 2957 1202 3025 (s.
1242 2955 1630 3027 χοριαμβικὸν)
1662 2951 1709 3022 νῆ
1744 2951 1917 3022 ἐπίτρ.
1955 2955 2128 3008 Pauw
2154 2958 2173 3026 11
2201 2954 2320 3011 ἐπί-

291 3046 475 3095 τριτος
527 3035 787 3097 τροχαῖος
842 3029 959 3082 ῠν.
1029 3024 1310 3094 ἐπίτριτον
1363 3025 1705 3096 τροχ(α“ι·κόν)
1765 3027 1800 3080 Ε
1864 3023 2144 3093 ἐπίτριτον
2192 3047 2319 3096 τρο-

292 3098 528 3170 χαῖονο
675 3102 844 3152 10.11
884 3096 1217 3186 τῳζ’--ια’
1252 3099 1313 3152 Ε·
1352 3097 1569 3161 τὸζῚ)
1625 3096 1911 3170 τῷθῖκαὶ
1944 3096 2193 3170 τῷιοίο

297 3175 362 3223 12
411 3167 460 3239 β’
501 3171 802 3225 σπονδεῖον
834 3169 908 3260 ἔχ
911 3188 980 3223 ον
1021 3172 1085 3224 D.
1126 3168 1178 3222 α’
1220 3186 1310 3222 σπ.
1415 3189 1482 3224 ον
1523 3169 1558 3222 Ε
1616 3185 1704 3221 σπ.
1744 3167 1803 3240 ἔχ
1806 3187 1855 3222 ει
1890 3152 1999 3223 τὸν
2028 3166 2078 3238 β’
2111 3169 2152 3225 0

298 3246 364 3293 14
401 3248 499 3308 τῆς
537 3239 754 3314 ἐπῳδῆς
788 3239 858 3294 τὰ
885 3243 1035 3294 κῶλα
1067 3169 1447 3312 Εο11ἐπῳδὸς
1482 3254 1539 3294 v:
1580 3237 1768 3310 ἐπῳδὴ
1770 3189 1835 3294 χΙ)
1951 3243 2123 3293 14.15
2152 3240 2320 3306 ὑπερ-

294 3309 484 3364 καταλ.
519 3313 556 3366 Ι)
732 3317 796 3364 15
837 3311 1102 3382 ἰαμβικὸν
1142 3242 1203 3366 13Ιει
1193 3243 1331 3367 ¹EQ:
1370 3293 1783 3365 ἀναπαιστικὸν
1823 3309 1880 3364 [1ι
2044 3315 2109 3362 16
2148 3329 2319 3364 κατα-

291 3383 460 3450 λῆγον
500 3381 618 3438 Dss:
656 3381 1059 3449 καταληκτικὸν
1101 3384 1136 3437 Ε
1283 3388 1350 3436 17
1389 3381 1573 3469 itemlj
1607 3385 1877 3452 τροχαϊκῇ
1916 3377 2175 3452 συζυγία,
2215 3397 2319 3433 om.

294 3451 389 3520 εἰς,
420 3452 461 3508 0
632 3459 806 3506 17.18
845 3452 1178 3522 ὑπερκατάλ.
1218 3455 1350 3521 post
1388 3453 1491 3506 col.
1532 3471 1557 3506 ε
1611 3454 1721 3520 trp.
1764 3453 1799 3506 Ε
1982 3455 2047 3502 19
2088 3435 2318 3504 ἰωνικοῦ

293 3522 391 3648 gu
517 3524 932 3649 2Οῠχὲριάμβου
973 3524 1064 3581 130
1093 3526 1110 3594 11
1140 3524 1370 3578 ἰωνικὸν
1410 3527 1446 3579 D
1506 3523 1737 3577 ἰωνικοῦ
1777 3522 1818 3578 0
1844 3523 1862 3590 11
1888 3517 2179 3588 τρίμετρον
2211 3518 2317 3574 ονι

332 3591 554 3664 ίμετρον
