<?xml version="1.0" encoding="UTF-8"?>
<!DOCTYPE html PUBLIC "-//W3C//DTD XHTML 1.0 Transitional//EN"
    "http://www.w3.org/TR/xhtml1/DTD/xhtml1-transitional.dtd">
<html xmlns="http://www.w3.org/1999/xhtml" xml:lang="en" lang="en">
 <head>
  <title>
</title>
<meta http-equiv="Content-Type" content="text/html;charset=utf-8" />
  <meta name='ocr-system' content='tesseract 3.04.00' />
  <meta name='ocr-capabilities' content='ocr_page ocr_carea ocr_par ocr_line ocrx_word'/>
</head>
<body>
  <div class='ocr_page' id='page_1' title='image "./scholiaveterain00dracgoog_0018.png"; bbox 0 0 2646 3882; ppageno 0'>
   <div class='ocr_carea' id='block_1_1' title="bbox 313 209 1489 268">
    <p class='ocr_par' dir='ltr' id='par_1_1' title="bbox 313 209 1489 268">
     <span class='ocr_line' id='line_1_1' title="bbox 313 209 1489 268; baseline 0.005 -6"><span class='ocrx_word' id='word_1_1' title='bbox 313 209 442 264; x_wconf 91' lang='lat' dir='ltr'><strong>XIV</strong></span> <span class='ocrx_word' id='word_1_2' title='bbox 1183 209 1489 268; x_wconf 75' lang='lat' dir='ltr'><strong>Praefatio·</strong></span> 
     </span>
    </p>
   </div>
   <div class='ocr_carea' id='block_1_2' title="bbox 307 377 2345 3661">
    <p class='ocr_par' dir='ltr' id='par_1_2' title="bbox 309 377 2345 1790">
     <span class='ocr_line' id='line_1_2' title="bbox 315 377 2345 442; baseline 0.001 -4"><span class='ocrx_word' id='word_1_3' title='bbox 315 381 486 438; x_wconf 83' lang='lat' dir='ltr'><strong>erant</strong></span> <span class='ocrx_word' id='word_1_4' title='bbox 519 377 934 437; x_wconf 84' lang='lat' dir='ltr'><strong>liberalissime</strong></span> <span class='ocrx_word' id='word_1_5' title='bbox 960 397 1190 438; x_wconf 83' lang='lat' dir='ltr'><strong>mecum</strong></span> <span class='ocrx_word' id='word_1_6' title='bbox 1219 382 1693 439; x_wconf 76' lang='lat' dir='ltr'><strong>communicavit.</strong></span> <span class='ocrx_word' id='word_1_7' title='bbox 1768 380 2035 440; x_wconf 83' lang='lat' dir='ltr'><strong>Tzetzcm</strong></span> <span class='ocrx_word' id='word_1_8' title='bbox 2064 381 2345 442; x_wconf 89' lang='lat' dir='ltr'><strong>uberiora</strong></span> 
     </span>
     <span class='ocr_line' id='line_1_3' title="bbox 313 466 2341 543; baseline 0.002 -17"><span class='ocrx_word' id='word_1_9' title='bbox 313 487 496 543; x_wconf 84' lang='lat' dir='ltr'><strong>quam</strong></span> <span class='ocrx_word' id='word_1_10' title='bbox 548 486 656 526; x_wconf 85' lang='lat' dir='ltr'><strong>nos</strong></span> <span class='ocrx_word' id='word_1_11' title='bbox 709 466 935 527; x_wconf 87' lang='lat' dir='ltr'><strong>scholia</strong></span> <span class='ocrx_word' id='word_1_12' title='bbox 986 467 1304 527; x_wconf 87' lang='lat' dir='ltr'><strong>Pindarica</strong></span> <span class='ocrx_word' id='word_1_13' title='bbox 1357 469 1635 529; x_wconf 89' lang='lat' dir='ltr'><strong>habuisse</strong></span> <span class='ocrx_word' id='word_1_14' title='bbox 1690 489 1761 528; x_wconf 80' lang='lat' dir='ltr'><strong>ex</strong></span> <span class='ocrx_word' id='word_1_15' title='bbox 1816 489 1935 528; x_wconf 90' lang='lat' dir='ltr'><strong>uno</strong></span> <span class='ocrx_word' id='word_1_16' title='bbox 1988 473 2094 528; x_wconf 88' lang='lat' dir='ltr'><strong>aut</strong></span> <span class='ocrx_word' id='word_1_17' title='bbox 2148 473 2341 531; x_wconf 89' lang='lat' dir='ltr'><strong>altero</strong></span> 
     </span>
     <span class='ocr_line' id='line_1_4' title="bbox 309 547 2341 638; baseline 0.001 -22"><span class='ocrx_word' id='word_1_18' title='bbox 309 557 443 618; x_wconf 85' lang='lat' dir='ltr'><strong>loco</strong></span> <span class='ocrx_word' id='word_1_19' title='bbox 491 547 587 636; x_wconf 88' lang='lat' dir='ltr'><strong>(O.</strong></span> <span class='ocrx_word' id='word_1_20' title='bbox 615 555 736 614; x_wconf 90' lang='lat' dir='ltr'><strong>VII</strong></span> <span class='ocrx_word' id='word_1_21' title='bbox 773 548 886 638; x_wconf 88' lang='lat'><strong>36)</strong></span> <span class='ocrx_word' id='word_1_22' title='bbox 944 556 1172 616; x_wconf 88' lang='lat' dir='ltr'><strong>efficere</strong></span> <span class='ocrx_word' id='word_1_23' title='bbox 1224 558 1420 617; x_wconf 89' lang='lat' dir='ltr'><strong>voluit</strong></span> <span class='ocrx_word' id='word_1_24' title='bbox 1475 557 1809 633; x_wconf 84' lang='lat' dir='ltr'><strong>Schecrius;</strong></span> <span class='ocrx_word' id='word_1_25' title='bbox 1868 559 2141 633; x_wconf 84' lang='lat' dir='ltr'>equidem</span> <span class='ocrx_word' id='word_1_26' title='bbox 2196 560 2341 618; x_wconf 89' lang='lat' dir='ltr'><strong>dum</strong></span> 
     </span>
     <span class='ocr_line' id='line_1_5' title="bbox 311 645 2339 721; baseline 0.001 -16"><span class='ocrx_word' id='word_1_27' title='bbox 311 665 446 705; x_wconf 85' lang='lat' dir='ltr'><strong>cam</strong></span> <span class='ocrx_word' id='word_1_28' title='bbox 489 665 616 706; x_wconf 89' lang='lat' dir='ltr'><strong>rem</strong></span> <span class='ocrx_word' id='word_1_29' title='bbox 659 647 724 703; x_wconf 90' lang='lat' dir='ltr'><strong>in</strong></span> <span class='ocrx_word' id='word_1_30' title='bbox 768 645 964 705; x_wconf 82' lang='lat' dir='ltr'><strong>medio</strong></span> <span class='ocrx_word' id='word_1_31' title='bbox 1007 646 1306 721; x_wconf 88' lang='lat' dir='ltr'><strong>relinqu0,</strong></span> <span class='ocrx_word' id='word_1_32' title='bbox 1369 648 1658 707; x_wconf 90' lang='lat' dir='ltr'><strong>eiusmodi</strong></span> <span class='ocrx_word' id='word_1_33' title='bbox 1703 648 1861 706; x_wconf 87' lang='lat' dir='ltr'><strong>locos</strong></span> <span class='ocrx_word' id='word_1_34' title='bbox 1906 648 2064 706; x_wconf 90' lang='lat' dir='ltr'><strong>inter</strong></span> <span class='ocrx_word' id='word_1_35' title='bbox 2107 651 2339 708; x_wconf 86' lang='lat' dir='ltr'><strong>textum</strong></span> 
     </span>
     <span class='ocr_line' id='line_1_6' title="bbox 313 736 2341 812; baseline 0.002 -19"><span class='ocrx_word' id='word_1_36' title='bbox 313 738 376 794; x_wconf 87' lang='lat' dir='ltr'><strong>et</strong></span> <span class='ocrx_word' id='word_1_37' title='bbox 421 736 778 811; x_wconf 85' lang='lat' dir='ltr'><strong>apparatum</strong></span> <span class='ocrx_word' id='word_1_38' title='bbox 829 736 1092 812; x_wconf 85' lang='lat' dir='ltr'><strong>integros</strong></span> <span class='ocrx_word' id='word_1_39' title='bbox 1149 736 1433 811; x_wconf 82' lang='lat' dir='ltr'><strong>expressi,</strong></span> <span class='ocrx_word' id='word_1_40' title='bbox 1486 739 1710 796; x_wconf 88' lang='lat' dir='ltr'><strong>ceteros</strong></span> <span class='ocrx_word' id='word_1_41' title='bbox 1763 736 1986 796; x_wconf 84' lang='lat' dir='ltr'><strong>ibidem</strong></span> <span class='ocrx_word' id='word_1_42' title='bbox 2030 740 2341 797; x_wconf 85' lang='lat' dir='ltr'><strong>nominare</strong></span> 
     </span>
     <span class='ocr_line' id='line_1_7' title="bbox 314 823 2338 902; baseline 0 -18"><span class='ocrx_word' id='word_1_43' title='bbox 314 825 462 884; x_wconf 85' lang='lat' dir='ltr'><strong>satis</strong></span> <span class='ocrx_word' id='word_1_44' title='bbox 532 823 730 882; x_wconf 85' lang='lat' dir='ltr'><strong>habui.</strong></span> <span class='ocrx_word' id='word_1_45' title='bbox 848 823 1119 898; x_wconf 85' lang='lat' dir='ltr'><strong>Denique</strong></span> <span class='ocrx_word' id='word_1_46' title='bbox 1203 825 1507 883; x_wconf 90' lang='lat' dir='ltr'><strong>aliorum</strong></span> <span class='ocrx_word' id='word_1_47' title='bbox 1581 845 1815 901; x_wconf 82' lang='lat' dir='ltr'><strong>quoque</strong></span> <span class='ocrx_word' id='word_1_48' title='bbox 1898 828 2338 902; x_wconf 87' lang='lat' dir='ltr'><strong>scriptorum</strong></span> 
     </span>
     <span class='ocr_line' id='line_1_8' title="bbox 312 912 2341 990; baseline 0.002 -18"><span class='ocrx_word' id='word_1_49' title='bbox 312 915 506 972; x_wconf 88' lang='lat' dir='ltr'><strong>locos</strong></span> <span class='ocrx_word' id='word_1_50' title='bbox 553 933 687 971; x_wconf 91' lang='lat' dir='ltr'><strong>cum</strong></span> <span class='ocrx_word' id='word_1_51' title='bbox 732 912 970 972; x_wconf 79' lang='lat' dir='ltr'><strong>scholiis</strong></span> <span class='ocrx_word' id='word_1_52' title='bbox 1016 912 1347 972; x_wconf 80' lang='lat' dir='ltr'><strong>Pindaricis</strong></span> <span class='ocrx_word' id='word_1_53' title='bbox 1403 915 1608 990; x_wconf 85' lang='lat' dir='ltr'><strong>aliqua</strong></span> <span class='ocrx_word' id='word_1_54' title='bbox 1654 915 1948 973; x_wconf 86' lang='lat' dir='ltr'><strong>affinitate</strong></span> <span class='ocrx_word' id='word_1_55' title='bbox 1994 916 2341 976; x_wconf 86' lang='lat' dir='ltr'><strong>coniunctos</strong></span> 
     </span>
     <span class='ocr_line' id='line_1_9' title="bbox 312 1002 2341 1080; baseline 0.001 -18"><span class='ocrx_word' id='word_1_56' title='bbox 312 1005 382 1062; x_wconf 84' lang='lat' dir='ltr'><strong>ut</strong></span> <span class='ocrx_word' id='word_1_57' title='bbox 425 1004 602 1077; x_wconf 90' lang='lat' dir='ltr'><strong>potui</strong></span> <span class='ocrx_word' id='word_1_58' title='bbox 655 1003 988 1076; x_wconf 86' lang='lat' dir='ltr'><strong>conquisivi</strong></span> <span class='ocrx_word' id='word_1_59' title='bbox 1041 1005 1100 1061; x_wconf 90' lang='lat' dir='ltr'><strong>et</strong></span> <span class='ocrx_word' id='word_1_60' title='bbox 1155 1002 1403 1060; x_wconf 88' lang='lat' dir='ltr'><strong>eandem</strong></span> <span class='ocrx_word' id='word_1_61' title='bbox 1459 1006 1755 1062; x_wconf 84' lang='lat' dir='ltr'><strong>rationem</strong></span> <span class='ocrx_word' id='word_1_62' title='bbox 1810 1006 2072 1079; x_wconf 89' lang='lat' dir='ltr'><strong>secutus,</strong></span> <span class='ocrx_word' id='word_1_63' title='bbox 2133 1007 2185 1064; x_wconf 89' lang='lat' dir='ltr'><strong>si</strong></span> <span class='ocrx_word' id='word_1_64' title='bbox 2230 1007 2341 1080; x_wconf 88' lang='lat' dir='ltr'><strong>qui</strong></span> 
     </span>
     <span class='ocr_line' id='line_1_10' title="bbox 313 1090 2339 1168; baseline 0.001 -18"><span class='ocrx_word' id='word_1_65' title='bbox 313 1111 384 1150; x_wconf 81' lang='lat' dir='ltr'><strong>ex</strong></span> <span class='ocrx_word' id='word_1_66' title='bbox 439 1090 879 1150; x_wconf 83' lang='lat' dir='ltr'><strong>commentariis</strong></span> <span class='ocrx_word' id='word_1_67' title='bbox 923 1091 1255 1150; x_wconf 84' lang='lat' dir='ltr'><strong>Pindaricis</strong></span> <span class='ocrx_word' id='word_1_68' title='bbox 1311 1110 1349 1149; x_wconf 94' lang='lat' dir='ltr'><strong>a</strong></span> <span class='ocrx_word' id='word_1_69' title='bbox 1400 1095 1621 1152; x_wconf 88' lang='lat' dir='ltr'><strong>nostris</strong></span> <span class='ocrx_word' id='word_1_70' title='bbox 1678 1092 1925 1152; x_wconf 86' lang='lat' dir='ltr'><strong>diversis</strong></span> <span class='ocrx_word' id='word_1_71' title='bbox 1978 1095 2158 1168; x_wconf 84' lang='lat' dir='ltr'><strong>petiti</strong></span> <span class='ocrx_word' id='word_1_72' title='bbox 2211 1113 2339 1153; x_wconf 88' lang='lat' dir='ltr'><strong>esse</strong></span> 
     </span>
     <span class='ocr_line' id='line_1_11' title="bbox 309 1179 2341 1257; baseline 0 -17"><span class='ocrx_word' id='word_1_73' title='bbox 309 1182 430 1240; x_wconf 85' lang='lat' dir='ltr'><strong>visi</strong></span> <span class='ocrx_word' id='word_1_74' title='bbox 474 1184 662 1254; x_wconf 86' lang='lat' dir='ltr'><strong>erant,</strong></span> <span class='ocrx_word' id='word_1_75' title='bbox 707 1181 1008 1256; x_wconf 86' lang='lat' dir='ltr'><strong>descripsi,</strong></span> <span class='ocrx_word' id='word_1_76' title='bbox 1052 1179 1314 1255; x_wconf 88' lang='lat' dir='ltr'><strong>reliquos</strong></span> <span class='ocrx_word' id='word_1_77' title='bbox 1362 1180 1674 1240; x_wconf 77' lang='lat' dir='ltr'><strong>dumtaxat</strong></span> <span class='ocrx_word' id='word_1_78' title='bbox 1716 1183 2039 1241; x_wconf 64' lang='lat' dir='ltr'><strong>nominavi„</strong></span> <span class='ocrx_word' id='word_1_79' title='bbox 2094 1183 2341 1257; x_wconf 59' lang='lat' dir='ltr'><strong>,Neque-</strong></span> 
     </span>
     <span class='ocr_line' id='line_1_12' title="bbox 311 1269 2342 1348; baseline 0.001 -20"><span class='ocrx_word' id='word_1_80' title='bbox 311 1272 514 1329; x_wconf 83' lang='lat' dir='ltr'><strong>tamcn</strong></span> <span class='ocrx_word' id='word_1_81' title='bbox 561 1269 962 1328; x_wconf 66' lang='lat' dir='ltr'><strong>occultissima</strong></span> <span class='ocrx_word' id='word_1_82' title='bbox 999 1271 1060 1328; x_wconf 89' lang='lat' dir='ltr'><strong>et</strong></span> <span class='ocrx_word' id='word_1_83' title='bbox 1093 1270 1492 1329; x_wconf 84' lang='lat' dir='ltr'><strong>remotissima</strong></span> <span class='ocrx_word' id='word_1_84' title='bbox 1529 1290 1798 1347; x_wconf 87' lang='lat' dir='ltr'><strong>quaeque</strong></span> <span class='ocrx_word' id='word_1_85' title='bbox 1834 1273 2191 1348; x_wconf 88' lang='lat' dir='ltr'><strong>investigare</strong></span> <span class='ocrx_word' id='word_1_86' title='bbox 2228 1275 2342 1331; x_wconf 93' lang='lat' dir='ltr'><strong>aut</strong></span> 
     </span>
     <span class='ocr_line' id='line_1_13' title="bbox 310 1358 2341 1436; baseline 0.001 -19"><span class='ocrx_word' id='word_1_87' title='bbox 310 1361 686 1434; x_wconf 88' lang='lat' dir='ltr'><strong>propositum</strong></span> <span class='ocrx_word' id='word_1_88' title='bbox 721 1359 839 1417; x_wconf 83' lang='lat' dir='ltr'><strong>fuit</strong></span> <span class='ocrx_word' id='word_1_89' title='bbox 867 1360 987 1434; x_wconf 89' lang='lat' dir='ltr'><strong>aut,</strong></span> <span class='ocrx_word' id='word_1_90' title='bbox 1027 1358 1078 1417; x_wconf 89' lang='lat' dir='ltr'><strong>si</strong></span> <span class='ocrx_word' id='word_1_91' title='bbox 1114 1359 1339 1434; x_wconf 80' lang='lat' dir='ltr'><strong>fuisset,</strong></span> <span class='ocrx_word' id='word_1_92' title='bbox 1376 1361 1611 1434; x_wconf 88' lang='lat' dir='ltr'><strong>tempus</strong></span> <span class='ocrx_word' id='word_1_93' title='bbox 1649 1360 1911 1434; x_wconf 87' lang='lat' dir='ltr'><strong>sivisset3</strong></span> <span class='ocrx_word' id='word_1_94' title='bbox 1956 1362 2161 1436; x_wconf 84' lang='lat' dir='ltr'><strong>itaque</strong></span> <span class='ocrx_word' id='word_1_95' title='bbox 2198 1361 2341 1420; x_wconf 87' lang='lat' dir='ltr'><strong>aliis</strong></span> 
     </span>
     <span class='ocr_line' id='line_1_14' title="bbox 314 1447 2335 1528; baseline 0.001 -23"><span class='ocrx_word' id='word_1_96' title='bbox 314 1449 420 1524; x_wconf 90' lang='lat' dir='ltr'><strong>qui</strong></span> <span class='ocrx_word' id='word_1_97' title='bbox 462 1447 790 1506; x_wconf 87' lang='lat' dir='ltr'><strong>maioribus</strong></span> <span class='ocrx_word' id='word_1_98' title='bbox 837 1447 1142 1506; x_wconf 89' lang='lat' dir='ltr'><strong>doctrinae</strong></span> <span class='ocrx_word' id='word_1_99' title='bbox 1197 1447 1475 1507; x_wconf 89' lang='lat' dir='ltr'><strong>subsidiis</strong></span> <span class='ocrx_word' id='word_1_100' title='bbox 1520 1449 1799 1508; x_wconf 87' lang='lat' dir='ltr'><strong>instructi</strong></span> <span class='ocrx_word' id='word_1_101' title='bbox 1856 1450 1921 1508; x_wconf 90' lang='lat' dir='ltr'><strong>in</strong></span> <span class='ocrx_word' id='word_1_102' title='bbox 1965 1449 2077 1508; x_wconf 93' lang='lat' dir='ltr'><strong>hoc</strong></span> <span class='ocrx_word' id='word_1_103' title='bbox 2123 1468 2335 1528; x_wconf 86' lang='lat' dir='ltr'><strong>genere</strong></span> 
     </span>
     <span class='ocr_line' id='line_1_15' title="bbox 313 1536 2339 1611; baseline 0.001 -17"><span class='ocrx_word' id='word_1_104' title='bbox 313 1536 619 1594; x_wconf 86' lang='lat' dir='ltr'><strong>elaborare</strong></span> <span class='ocrx_word' id='word_1_105' title='bbox 677 1536 908 1611; x_wconf 89' lang='lat' dir='ltr'><strong>volent,</strong></span> <span class='ocrx_word' id='word_1_106' title='bbox 969 1540 1064 1595; x_wconf 81' lang='lat' dir='ltr'><strong>sat</strong></span> <span class='ocrx_word' id='word_1_107' title='bbox 1125 1537 1318 1596; x_wconf 85' lang='lat' dir='ltr'><strong>multa</strong></span> <span class='ocrx_word' id='word_1_108' title='bbox 1376 1538 1589 1596; x_wconf 89' lang='lat' dir='ltr'><strong>relicta</strong></span> <span class='ocrx_word' id='word_1_109' title='bbox 1653 1557 1777 1598; x_wconf 87' lang='lat' dir='ltr'><strong>esse</strong></span> <span class='ocrx_word' id='word_1_110' title='bbox 1842 1539 2069 1597; x_wconf 82' lang='lat' dir='ltr'><strong>certum</strong></span> <span class='ocrx_word' id='word_1_111' title='bbox 2128 1539 2339 1598; x_wconf 83' lang='lat' dir='ltr'><strong>habeo.</strong></span> 
     </span>
     <span class='ocr_line' id='line_1_16' title="bbox 313 1624 2339 1704; baseline 0.002 -22"><span class='ocrx_word' id='word_1_112' title='bbox 313 1624 688 1701; x_wconf 78' lang='lat' dir='ltr'><strong>Quamquam</strong></span> <span class='ocrx_word' id='word_1_113' title='bbox 716 1626 792 1684; x_wconf 84' lang='lat' dir='ltr'><strong>ad</strong></span> <span class='ocrx_word' id='word_1_114' title='bbox 819 1626 1002 1684; x_wconf 90' lang='lat' dir='ltr'><strong>verba</strong></span> <span class='ocrx_word' id='word_1_115' title='bbox 1037 1626 1401 1684; x_wconf 84' lang='lat' dir='ltr'><strong>scholiorum</strong></span> <span class='ocrx_word' id='word_1_116' title='bbox 1428 1627 1797 1685; x_wconf 84' lang='lat' dir='ltr'><strong>emendanda</strong></span> <span class='ocrx_word' id='word_1_117' title='bbox 1826 1629 2071 1704; x_wconf 81' lang='lat' dir='ltr'><strong>exiguus</strong></span> <span class='ocrx_word' id='word_1_118' title='bbox 2108 1628 2339 1688; x_wconf 85' lang='lat' dir='ltr'><strong>fructus</strong></span> 
     </span>
     <span class='ocr_line' id='line_1_17' title="bbox 315 1714 1482 1790; baseline 0 -18"><span class='ocrx_word' id='word_1_119' title='bbox 315 1734 385 1772; x_wconf 85' lang='lat' dir='ltr'><strong>ex</strong></span> <span class='ocrx_word' id='word_1_120' title='bbox 430 1715 545 1773; x_wconf 88' lang='lat' dir='ltr'><strong>tali</strong></span> <span class='ocrx_word' id='word_1_121' title='bbox 589 1714 793 1773; x_wconf 90' lang='lat' dir='ltr'><strong>labore</strong></span> <span class='ocrx_word' id='word_1_122' title='bbox 837 1715 966 1790; x_wconf 90' lang='lat' dir='ltr'><strong>peti</strong></span> <span class='ocrx_word' id='word_1_123' title='bbox 1009 1733 1184 1790; x_wconf 83' lang='lat' dir='ltr'><strong>posse</strong></span> <span class='ocrx_word' id='word_1_124' title='bbox 1228 1715 1482 1774; x_wconf 90' lang='lat' dir='ltr'><strong>videtur.</strong></span> 
     </span>
    </p>

    <p class='ocr_par' dir='ltr' id='par_1_3' title="bbox 309 1803 2339 3022">
     <span class='ocr_line' id='line_1_18' title="bbox 443 1803 2335 1880; baseline 0.002 -19"><span class='ocrx_word' id='word_1_125' title='bbox 443 1803 858 1862; x_wconf 84' lang='lat' dir='ltr'><strong>Editionem</strong></span> <span class='ocrx_word' id='word_1_126' title='bbox 901 1823 1124 1862; x_wconf 87' lang='lat' dir='ltr'><strong>meam</strong></span> <span class='ocrx_word' id='word_1_127' title='bbox 1166 1803 1256 1862; x_wconf 82' lang='lat' dir='ltr'><strong>ita</strong></span> <span class='ocrx_word' id='word_1_128' title='bbox 1301 1805 1564 1880; x_wconf 84' lang='lat' dir='ltr'><strong>institui,</strong></span> <span class='ocrx_word' id='word_1_129' title='bbox 1619 1807 1693 1864; x_wconf 90' lang='lat' dir='ltr'><strong>ut</strong></span> <span class='ocrx_word' id='word_1_130' title='bbox 1738 1825 1807 1864; x_wconf 82' lang='lat' dir='ltr'><strong>ex</strong></span> <span class='ocrx_word' id='word_1_131' title='bbox 1852 1825 1955 1864; x_wconf 83' lang='lat' dir='ltr'><strong>sex</strong></span> <span class='ocrx_word' id='word_1_132' title='bbox 2006 1805 2131 1864; x_wconf 88' lang='lat' dir='ltr'><strong>illis</strong></span> <span class='ocrx_word' id='word_1_133' title='bbox 2179 1806 2335 1864; x_wconf 86' lang='lat' dir='ltr'><strong>codi-</strong></span> 
     </span>
     <span class='ocr_line' id='line_1_19' title="bbox 313 1890 2339 1971; baseline 0.002 -19"><span class='ocrx_word' id='word_1_134' title='bbox 313 1891 478 1952; x_wconf 88' lang='lat' dir='ltr'><strong>cibus</strong></span> <span class='ocrx_word' id='word_1_135' title='bbox 521 1890 842 1961; x_wconf 81' lang='lat' dir='ltr'><strong>ABODEQ</strong></span> <span class='ocrx_word' id='word_1_136' title='bbox 889 1893 1116 1953; x_wconf 90' lang='lat' dir='ltr'><strong>scholia</strong></span> <span class='ocrx_word' id='word_1_137' title='bbox 1161 1893 1402 1970; x_wconf 89' lang='lat' dir='ltr'><strong>quidem</strong></span> <span class='ocrx_word' id='word_1_138' title='bbox 1456 1896 1657 1954; x_wconf 86' lang='lat' dir='ltr'><strong>omnia</strong></span> <span class='ocrx_word' id='word_1_139' title='bbox 1700 1897 2049 1970; x_wconf 86' lang='lat' dir='ltr'><strong>reciperem,</strong></span> <span class='ocrx_word' id='word_1_140' title='bbox 2108 1895 2339 1971; x_wconf 85' lang='lat' dir='ltr'><strong>glossas</strong></span> 
     </span>
     <span class='ocr_line' id='line_1_20' title="bbox 312 1984 2335 2060; baseline 0 -19"><span class='ocrx_word' id='word_1_141' title='bbox 312 1985 896 2057; x_wconf 70' lang='lat' dir='ltr'><strong>autem,‘postquam</strong></span> <span class='ocrx_word' id='word_1_142' title='bbox 941 1984 1004 2040; x_wconf 88' lang='lat' dir='ltr'><strong>in</strong></span> <span class='ocrx_word' id='word_1_143' title='bbox 1050 1984 1302 2060; x_wconf 81' lang='lat' dir='ltr'><strong>singulis</strong></span> <span class='ocrx_word' id='word_1_144' title='bbox 1350 1984 1647 2043; x_wconf 88' lang='lat' dir='ltr'><strong>codicibus</strong></span> <span class='ocrx_word' id='word_1_145' title='bbox 1684 1984 1861 2058; x_wconf 88' lang='lat' dir='ltr'><strong>plane</strong></span> <span class='ocrx_word' id='word_1_146' title='bbox 1908 1984 2171 2042; x_wconf 87' lang='lat' dir='ltr'><strong>diversas</strong></span> <span class='ocrx_word' id='word_1_147' title='bbox 2210 2002 2335 2043; x_wconf 87' lang='lat' dir='ltr'><strong>esse</strong></span> 
     </span>
     <span class='ocr_line' id='line_1_21' title="bbox 311 2071 2339 2149; baseline 0 -18"><span class='ocrx_word' id='word_1_148' title='bbox 311 2071 465 2146; x_wconf 89' lang='lat' dir='ltr'><strong>vidi,</strong></span> <span class='ocrx_word' id='word_1_149' title='bbox 522 2072 645 2130; x_wconf 89' lang='lat' dir='ltr'><strong>fere</strong></span> <span class='ocrx_word' id='word_1_150' title='bbox 699 2072 1088 2149; x_wconf 86' lang='lat' dir='ltr'><strong>neglegerem.</strong></span> <span class='ocrx_word' id='word_1_151' title='bbox 1177 2073 1270 2130; x_wconf 85' lang='lat' dir='ltr'><strong>Ex</strong></span> <span class='ocrx_word' id='word_1_152' title='bbox 1326 2074 1452 2131; x_wconf 92' lang='lat' dir='ltr'><strong>solo</strong></span> <span class='ocrx_word' id='word_1_153' title='bbox 1509 2072 1706 2131; x_wconf 90' lang='lat' dir='ltr'><strong>codice</strong></span> <span class='ocrx_word' id='word_1_154' title='bbox 1752 2072 1803 2129; x_wconf 92' lang='lat' dir='ltr'>B</span> <span class='ocrx_word' id='word_1_155' title='bbox 1859 2073 2085 2149; x_wconf 84' lang='lat' dir='ltr'><strong>glossas</strong></span> <span class='ocrx_word' id='word_1_156' title='bbox 2138 2072 2339 2147; x_wconf 87' lang='lat' dir='ltr'><strong>prima</strong></span> 
     </span>
     <span class='ocr_line' id='line_1_22' title="bbox 309 2161 2335 2238; baseline 0 -18"><span class='ocrx_word' id='word_1_157' title='bbox 309 2180 494 2220; x_wconf 88' lang='lat' dir='ltr'><strong>manu</strong></span> <span class='ocrx_word' id='word_1_158' title='bbox 539 2161 818 2237; x_wconf 79' lang='lat' dir='ltr'><strong>scriptae,</strong></span> <span class='ocrx_word' id='word_1_159' title='bbox 875 2180 1020 2238; x_wconf 88' lang='lat' dir='ltr'><strong>quas</strong></span> <span class='ocrx_word' id='word_1_160' title='bbox 1075 2181 1140 2221; x_wconf 85' lang='lat' dir='ltr'><strong>re</strong></span> <span class='ocrx_word' id='word_1_161' title='bbox 1185 2180 1329 2221; x_wconf 89' lang='lat' dir='ltr'><strong>vera</strong></span> <span class='ocrx_word' id='word_1_162' title='bbox 1384 2163 1460 2220; x_wconf 91' lang='lat' dir='ltr'><strong>ad</strong></span> <span class='ocrx_word' id='word_1_163' title='bbox 1504 2164 1707 2221; x_wconf 83' lang='lat' dir='ltr'><strong>vetera</strong></span> <span class='ocrx_word' id='word_1_164' title='bbox 1766 2162 1991 2221; x_wconf 86' lang='lat' dir='ltr'><strong>scholia</strong></span> <span class='ocrx_word' id='word_1_165' title='bbox 2036 2164 2335 2237; x_wconf 86' lang='lat' dir='ltr'><strong>pertinere</strong></span> 
     </span>
     <span class='ocr_line' id='line_1_23' title="bbox 313 2252 2337 2327; baseline 0.001 -18"><span class='ocrx_word' id='word_1_166' title='bbox 313 2253 586 2327; x_wconf 89' lang='lat' dir='ltr'><strong>apertum</strong></span> <span class='ocrx_word' id='word_1_167' title='bbox 641 2253 755 2327; x_wconf 89' lang='lat' dir='ltr'><strong>est,</strong></span> <span class='ocrx_word' id='word_1_168' title='bbox 819 2270 1022 2311; x_wconf 88' lang='lat' dir='ltr'><strong>omnes</strong></span> <span class='ocrx_word' id='word_1_169' title='bbox 1075 2253 1297 2326; x_wconf 84' lang='lat' dir='ltr'><strong>recepi;</strong></span> <span class='ocrx_word' id='word_1_170' title='bbox 1362 2253 1509 2309; x_wconf 89' lang='lat' dir='ltr'><strong>item</strong></span> <span class='ocrx_word' id='word_1_171' title='bbox 1564 2270 1634 2309; x_wconf 82' lang='lat' dir='ltr'><strong>cx</strong></span> <span class='ocrx_word' id='word_1_172' title='bbox 1688 2252 1739 2309; x_wconf 87' lang='grc' dir='ltr'>Ε</span> <span class='ocrx_word' id='word_1_173' title='bbox 1794 2253 1993 2311; x_wconf 89' lang='lat' dir='ltr'><strong>varias</strong></span> <span class='ocrx_word' id='word_1_174' title='bbox 2042 2252 2337 2311; x_wconf 87' lang='lat' dir='ltr'><strong>lectiones</strong></span> 
     </span>
     <span class='ocr_line' id='line_1_24' title="bbox 310 2339 2337 2417; baseline 0 -19"><span class='ocrx_word' id='word_1_175' title='bbox 310 2341 467 2399; x_wconf 90' lang='lat' dir='ltr'><strong>inter</strong></span> <span class='ocrx_word' id='word_1_176' title='bbox 511 2360 714 2401; x_wconf 90' lang='lat' dir='ltr'><strong>versus</strong></span> <span class='ocrx_word' id='word_1_177' title='bbox 761 2339 1110 2417; x_wconf 74' lang='lat' dir='ltr'><strong>adscriptas,</strong></span> <span class='ocrx_word' id='word_1_178' title='bbox 1193 2340 1283 2398; x_wconf 83' lang='lat' dir='ltr'><strong>Ex</strong></span> <span class='ocrx_word' id='word_1_179' title='bbox 1321 2340 1619 2399; x_wconf 84' lang='lat' dir='ltr'><strong>codicibus</strong></span> <span class='ocrx_word' id='word_1_180' title='bbox 1668 2359 1920 2415; x_wconf 90' lang='lat' dir='ltr'><strong>quorum</strong></span> <span class='ocrx_word' id='word_1_181' title='bbox 1955 2342 2157 2414; x_wconf 85' lang='lat' dir='ltr'><strong>partes</strong></span> <span class='ocrx_word' id='word_1_182' title='bbox 2201 2342 2337 2399; x_wconf 79' lang='lat' dir='ltr'><strong>tan-</strong></span> 
     </span>
     <span class='ocr_line' id='line_1_25' title="bbox 309 2428 2334 2505; baseline -0.001 -18"><span class='ocrx_word' id='word_1_183' title='bbox 309 2430 442 2487; x_wconf 87' lang='lat' dir='ltr'><strong>tum</strong></span> <span class='ocrx_word' id='word_1_184' title='bbox 488 2430 737 2489; x_wconf 85' lang='lat' dir='ltr'><strong>collatas</strong></span> <span class='ocrx_word' id='word_1_185' title='bbox 782 2430 984 2505; x_wconf 90' lang='lat' dir='ltr'><strong>habui,</strong></span> <span class='ocrx_word' id='word_1_186' title='bbox 1037 2429 1096 2487; x_wconf 93' lang='lat' dir='ltr'>H</span> <span class='ocrx_word' id='word_1_187' title='bbox 1141 2430 1379 2504; x_wconf 89' lang='lat' dir='ltr'><strong>saepius</strong></span> <span class='ocrx_word' id='word_1_188' title='bbox 1428 2429 1697 2503; x_wconf 88' lang='lat' dir='ltr'><strong>adhibui,</strong></span> <span class='ocrx_word' id='word_1_189' title='bbox 1752 2448 1825 2487; x_wconf 90' lang='lat' dir='ltr'><strong>ne</strong></span> <span class='ocrx_word' id='word_1_190' title='bbox 1870 2432 1934 2486; x_wconf 92' lang='lat' dir='ltr'><strong>in</strong></span> <span class='ocrx_word' id='word_1_191' title='bbox 1980 2428 2334 2503; x_wconf 87' lang='lat' dir='ltr'><strong>quibusdam</strong></span> 
     </span>
     <span class='ocr_line' id='line_1_26' title="bbox 312 2516 2333 2592; baseline -0.001 -16"><span class='ocrx_word' id='word_1_192' title='bbox 312 2517 549 2577; x_wconf 86' lang='lat' dir='ltr'><strong>scholiis</strong></span> <span class='ocrx_word' id='word_1_193' title='bbox 604 2520 733 2578; x_wconf 85' lang='lat' dir='ltr'><strong>sola</strong></span> <span class='ocrx_word' id='word_1_194' title='bbox 778 2518 826 2587; x_wconf 81' lang='lat' dir='ltr'>Q</span> <span class='ocrx_word' id='word_1_195' title='bbox 873 2520 1231 2577; x_wconf 86' lang='lat' dir='ltr'><strong>auctoritate</strong></span> <span class='ocrx_word' id='word_1_196' title='bbox 1288 2518 1665 2592; x_wconf 72' lang='lat' dir='ltr'><strong>confideremr,</strong></span> <span class='ocrx_word' id='word_1_197' title='bbox 1717 2519 1979 2591; x_wconf 88' lang='lat' dir='ltr'><strong>reliquos</strong></span> <span class='ocrx_word' id='word_1_198' title='bbox 2032 2516 2137 2574; x_wconf 91' lang='lat' dir='ltr'><strong>ubi</strong></span> <span class='ocrx_word' id='word_1_199' title='bbox 2192 2534 2223 2573; x_wconf 91' lang='lat' dir='ltr'><strong>e</strong></span> <span class='ocrx_word' id='word_1_200' title='bbox 2267 2536 2333 2574; x_wconf 88' lang='lat' dir='ltr'><strong>re</strong></span> 
     </span>
     <span class='ocr_line' id='line_1_27' title="bbox 311 2604 2333 2683; baseline -0.001 -18"><span class='ocrx_word' id='word_1_201' title='bbox 311 2608 508 2665; x_wconf 88' lang='lat' dir='ltr'><strong>visum</strong></span> <span class='ocrx_word' id='word_1_202' title='bbox 545 2610 635 2666; x_wconf 87' lang='lat' dir='ltr'><strong>est</strong></span> <span class='ocrx_word' id='word_1_203' title='bbox 668 2609 733 2665; x_wconf 89' lang='lat' dir='ltr'><strong>in</strong></span> <span class='ocrx_word' id='word_1_204' title='bbox 772 2610 1068 2683; x_wconf 85' lang='lat' dir='ltr'><strong>apparatu</strong></span> <span class='ocrx_word' id='word_1_205' title='bbox 1103 2608 1427 2682; x_wconf 89' lang='lat' dir='ltr'><strong>nominavi,</strong></span> <span class='ocrx_word' id='word_1_206' title='bbox 1464 2606 1566 2666; x_wconf 90' lang='lat' dir='ltr'><strong>sed</strong></span> <span class='ocrx_word' id='word_1_207' title='bbox 1602 2625 1807 2665; x_wconf 92' lang='lat' dir='ltr'><strong>eorum</strong></span> <span class='ocrx_word' id='word_1_208' title='bbox 1833 2604 2112 2663; x_wconf 86' lang='lat' dir='ltr'><strong>lectiones</strong></span> <span class='ocrx_word' id='word_1_209' title='bbox 2150 2606 2333 2663; x_wconf 87' lang='lat' dir='ltr'><strong>etiam</strong></span> 
     </span>
     <span class='ocr_line' id='line_1_28' title="bbox 313 2692 2325 2772; baseline -0.001 -18"><span class='ocrx_word' id='word_1_210' title='bbox 313 2694 504 2754; x_wconf 89' lang='lat' dir='ltr'><strong>sicubi</strong></span> <span class='ocrx_word' id='word_1_211' title='bbox 557 2698 829 2755; x_wconf 88' lang='lat' dir='ltr'><strong>enotatas</strong></span> <span class='ocrx_word' id='word_1_212' title='bbox 884 2696 1067 2755; x_wconf 89' lang='lat' dir='ltr'><strong>habui</strong></span> <span class='ocrx_word' id='word_1_213' title='bbox 1123 2714 1325 2755; x_wconf 88' lang='lat' dir='ltr'><strong>omnes</strong></span> <span class='ocrx_word' id='word_1_214' title='bbox 1361 2692 1677 2772; x_wconf 73' lang='lat' dir='ltr'><strong>¹apponere</strong></span> <span class='ocrx_word' id='word_1_215' title='bbox 1729 2694 1971 2753; x_wconf 90' lang='lat' dir='ltr'><strong>minime</strong></span> <span class='ocrx_word' id='word_1_216' title='bbox 2014 2694 2198 2752; x_wconf 91' lang='lat' dir='ltr'><strong>volui.</strong></span> <span class='ocrx_word' id='word_1_217' title='bbox 2248 2726 2325 2733; x_wconf 97' lang='lat'><strong>—</strong></span> 
     </span>
     <span class='ocr_line' id='line_1_29' title="bbox 314 2782 2334 2844; baseline -0.001 -1"><span class='ocrx_word' id='word_1_218' title='bbox 314 2784 552 2843; x_wconf 85' lang='lat' dir='ltr'><strong>Scholia</strong></span> <span class='ocrx_word' id='word_1_219' title='bbox 617 2804 653 2843; x_wconf 90' lang='lat' dir='ltr'><strong>a</strong></span> <span class='ocrx_word' id='word_1_220' title='bbox 717 2784 1014 2844; x_wconf 90' lang='lat' dir='ltr'><strong>codicibus</strong></span> <span class='ocrx_word' id='word_1_221' title='bbox 1079 2785 1274 2843; x_wconf 86' lang='lat' dir='ltr'><strong>aliena</strong></span> <span class='ocrx_word' id='word_1_222' title='bbox 1344 2787 1404 2843; x_wconf 89' lang='lat' dir='ltr'><strong>et</strong></span> <span class='ocrx_word' id='word_1_223' title='bbox 1476 2804 1546 2843; x_wconf 83' lang='lat' dir='ltr'><strong>ex</strong></span> <span class='ocrx_word' id='word_1_224' title='bbox 1618 2785 1753 2843; x_wconf 89' lang='lat' dir='ltr'><strong>aliis</strong></span> <span class='ocrx_word' id='word_1_225' title='bbox 1826 2782 2167 2843; x_wconf 89' lang='lat' dir='ltr'><strong>auctoribus</strong></span> <span class='ocrx_word' id='word_1_226' title='bbox 2231 2783 2334 2841; x_wconf 86' lang='lat' dir='ltr'><strong>ad-</strong></span> 
     </span>
     <span class='ocr_line' id='line_1_30' title="bbox 311 2872 2337 2950; baseline -0.001 -17"><span class='ocrx_word' id='word_1_227' title='bbox 311 2877 551 2950; x_wconf 89' lang='lat' dir='ltr'><strong>sumpta</strong></span> <span class='ocrx_word' id='word_1_228' title='bbox 606 2876 765 2933; x_wconf 87' lang='lat' dir='ltr'><strong>inter</strong></span> <span class='ocrx_word' id='word_1_229' title='bbox 815 2877 1046 2933; x_wconf 83' lang='lat' dir='ltr'><strong>textum</strong></span> <span class='ocrx_word' id='word_1_230' title='bbox 1101 2877 1161 2933; x_wconf 89' lang='lat' dir='ltr'><strong>et</strong></span> <span class='ocrx_word' id='word_1_231' title='bbox 1215 2876 1571 2950; x_wconf 83' lang='lat' dir='ltr'><strong>apparatum</strong></span> <span class='ocrx_word' id='word_1_232' title='bbox 1623 2874 1769 2931; x_wconf 83' lang='lat' dir='ltr'><strong>ferri</strong></span> <span class='ocrx_word' id='word_1_233' title='bbox 1820 2874 1943 2931; x_wconf 88' lang='lat' dir='ltr'><strong>iam</strong></span> <span class='ocrx_word' id='word_1_234' title='bbox 1996 2890 2177 2949; x_wconf 82' lang='lat' dir='ltr'><strong>supra</strong></span> <span class='ocrx_word' id='word_1_235' title='bbox 2236 2872 2337 2931; x_wconf 89' lang='lat' dir='ltr'><strong>de-</strong></span> 
     </span>
     <span class='ocr_line' id='line_1_31' title="bbox 310 2964 656 3022; baseline -0.006 0"><span class='ocrx_word' id='word_1_236' title='bbox 310 2964 656 3022; x_wconf 81' lang='lat' dir='ltr'><strong>monstravi.</strong></span> 
     </span>
    </p>

    <p class='ocr_par' dir='ltr' id='par_1_4' title="bbox 307 3052 2339 3661">
     <span class='ocr_line' id='line_1_32' title="bbox 447 3052 2337 3128; baseline -0.001 -18"><span class='ocrx_word' id='word_1_237' title='bbox 447 3052 685 3111; x_wconf 80' lang='lat' dir='ltr'><strong>Scholia</strong></span> <span class='ocrx_word' id='word_1_238' title='bbox 728 3052 1127 3111; x_wconf 86' lang='lat' dir='ltr'><strong>Ambrosiana</strong></span> <span class='ocrx_word' id='word_1_239' title='bbox 1173 3054 1233 3110; x_wconf 90' lang='lat' dir='ltr'><strong>et</strong></span> <span class='ocrx_word' id='word_1_240' title='bbox 1277 3052 1593 3127; x_wconf 85' lang='lat' dir='ltr'><strong>Vaticana,</strong></span> <span class='ocrx_word' id='word_1_241' title='bbox 1638 3054 1708 3110; x_wconf 92' lang='lat' dir='ltr'><strong>ut</strong></span> <span class='ocrx_word' id='word_1_242' title='bbox 1746 3070 1859 3128; x_wconf 87' lang='lat' dir='ltr'><strong>par</strong></span> <span class='ocrx_word' id='word_1_243' title='bbox 1904 3054 2011 3126; x_wconf 89' lang='lat' dir='ltr'><strong>est,</strong></span> <span class='ocrx_word' id='word_1_244' title='bbox 2056 3054 2337 3127; x_wconf 86' lang='lat' dir='ltr'><strong>separata</strong></span> 
     </span>
     <span class='ocr_line' id='line_1_33' title="bbox 310 3132 2339 3221; baseline -0.001 -21"><span class='ocrx_word' id='word_1_245' title='bbox 310 3143 451 3217; x_wconf 84' lang='lat' dir='ltr'><strong>tuli,</strong></span> <span class='ocrx_word' id='word_1_246' title='bbox 518 3144 774 3218; x_wconf 85' lang='lat' dir='ltr'><strong>exceptis</strong></span> <span class='ocrx_word' id='word_1_247' title='bbox 827 3143 903 3200; x_wconf 88' lang='lat' dir='ltr'><strong>iis</strong></span> <span class='ocrx_word' id='word_1_248' title='bbox 965 3141 1112 3201; x_wconf 90' lang='lat' dir='ltr'><strong>locis</strong></span> <span class='ocrx_word' id='word_1_249' title='bbox 1169 3132 1336 3221; x_wconf 88' lang='lat' dir='ltr'><strong>(sunt</strong></span> <span class='ocrx_word' id='word_1_250' title='bbox 1390 3142 1593 3200; x_wconf 89' lang='lat' dir='ltr'><strong>autem</strong></span> <span class='ocrx_word' id='word_1_251' title='bbox 1645 3132 1877 3221; x_wconf 89' lang='lat' dir='ltr'><strong>pauci),</strong></span> <span class='ocrx_word' id='word_1_252' title='bbox 1914 3141 2037 3199; x_wconf 74' lang='lat' dir='ltr'><strong>ubi</strong></span> <span class='ocrx_word' id='word_1_253' title='bbox 2090 3140 2147 3196; x_wconf 89' lang='lat' dir='ltr'><strong>A</strong></span> <span class='ocrx_word' id='word_1_254' title='bbox 2202 3158 2339 3197; x_wconf 87' lang='lat' dir='ltr'><strong>cum</strong></span> 
     </span>
     <span class='ocr_line' id='line_1_34' title="bbox 309 3230 2333 3305; baseline -0.001 -16"><span class='ocrx_word' id='word_1_255' title='bbox 309 3231 620 3291; x_wconf 84' lang='lat' dir='ltr'><strong>Vaticanis</strong></span> <span class='ocrx_word' id='word_1_256' title='bbox 665 3232 754 3289; x_wconf 90' lang='lat' dir='ltr'><strong>ita</strong></span> <span class='ocrx_word' id='word_1_257' title='bbox 800 3232 1120 3305; x_wconf 86' lang='lat' dir='ltr'><strong>consentit,</strong></span> <span class='ocrx_word' id='word_1_258' title='bbox 1173 3231 1244 3288; x_wconf 91' lang='lat' dir='ltr'><strong>ut</strong></span> <span class='ocrx_word' id='word_1_259' title='bbox 1289 3249 1359 3288; x_wconf 86' lang='lat' dir='ltr'><strong>ex</strong></span> <span class='ocrx_word' id='word_1_260' title='bbox 1404 3230 1673 3305; x_wconf 87' lang='lat' dir='ltr'><strong>utrisque</strong></span> <span class='ocrx_word' id='word_1_261' title='bbox 1726 3248 1879 3289; x_wconf 90' lang='lat' dir='ltr'><strong>unus</strong></span> <span class='ocrx_word' id='word_1_262' title='bbox 1933 3231 2131 3288; x_wconf 81' lang='lat' dir='ltr'><strong>textus</strong></span> <span class='ocrx_word' id='word_1_263' title='bbox 2178 3248 2333 3288; x_wconf 90' lang='lat' dir='ltr'><strong>com·</strong></span> 
     </span>
     <span class='ocr_line' id='line_1_35' title="bbox 307 3318 2335 3396; baseline -0.002 -17"><span class='ocrx_word' id='word_1_264' title='bbox 307 3319 482 3379; x_wconf 90' lang='lat' dir='ltr'><strong>mode</strong></span> <span class='ocrx_word' id='word_1_265' title='bbox 529 3319 685 3377; x_wconf 88' lang='lat' dir='ltr'><strong>effici</strong></span> <span class='ocrx_word' id='word_1_266' title='bbox 741 3321 946 3395; x_wconf 88' lang='lat' dir='ltr'><strong>possit.</strong></span> <span class='ocrx_word' id='word_1_267' title='bbox 1038 3319 1135 3377; x_wconf 91' lang='lat' dir='ltr'><strong>Ad</strong></span> <span class='ocrx_word' id='word_1_268' title='bbox 1180 3319 1415 3396; x_wconf 83' lang='lat' dir='ltr'><strong>singula</strong></span> <span class='ocrx_word' id='word_1_269' title='bbox 1470 3318 1696 3377; x_wconf 87' lang='lat' dir='ltr'><strong>scholia</strong></span> <span class='ocrx_word' id='word_1_270' title='bbox 1740 3319 1896 3396; x_wconf 90' lang='lat' dir='ltr'><strong>sigla</strong></span> <span class='ocrx_word' id='word_1_271' title='bbox 1952 3318 2219 3376; x_wconf 89' lang='lat' dir='ltr'><strong>codicum</strong></span> <span class='ocrx_word' id='word_1_272' title='bbox 2264 3336 2335 3375; x_wconf 84' lang='lat' dir='ltr'><strong>ex</strong></span> 
     </span>
     <span class='ocr_line' id='line_1_36' title="bbox 311 3406 2334 3485; baseline -0.002 -18"><span class='ocrx_word' id='word_1_273' title='bbox 311 3409 526 3485; x_wconf 90' lang='lat' dir='ltr'><strong>quibus</strong></span> <span class='ocrx_word' id='word_1_274' title='bbox 565 3408 877 3485; x_wconf 89' lang='lat' dir='ltr'><strong>desumpta</strong></span> <span class='ocrx_word' id='word_1_275' title='bbox 913 3410 1054 3466; x_wconf 89' lang='lat' dir='ltr'><strong>sunt</strong></span> <span class='ocrx_word' id='word_1_276' title='bbox 1087 3408 1152 3465; x_wconf 93' lang='lat' dir='ltr'><strong>in</strong></span> <span class='ocrx_word' id='word_1_277' title='bbox 1185 3406 1457 3484; x_wconf 88' lang='lat' dir='ltr'><strong>margine</strong></span> <span class='ocrx_word' id='word_1_278' title='bbox 1496 3408 1761 3483; x_wconf 88' lang='lat' dir='ltr'><strong>apposui.</strong></span> <span class='ocrx_word' id='word_1_279' title='bbox 1838 3406 2077 3465; x_wconf 85' lang='lat' dir='ltr'><strong>Scholia</strong></span> <span class='ocrx_word' id='word_1_280' title='bbox 2114 3406 2334 3464; x_wconf 85' lang='lat' dir='ltr'><strong>diversi</strong></span> 
     </span>
     <span class='ocr_line' id='line_1_37' title="bbox 309 3491 2334 3576; baseline -0.003 -19"><span class='ocrx_word' id='word_1_281' title='bbox 309 3499 541 3576; x_wconf 89' lang='lat' dir='ltr'><strong>generis</strong></span> <span class='ocrx_word' id='word_1_282' title='bbox 597 3498 694 3557; x_wconf 91' lang='lat' dir='ltr'><strong>vel</strong></span> <span class='ocrx_word' id='word_1_283' title='bbox 758 3498 835 3555; x_wconf 87' lang='lat' dir='ltr'><strong>ad</strong></span> <span class='ocrx_word' id='word_1_284' title='bbox 899 3496 1132 3556; x_wconf 87' lang='lat' dir='ltr'><strong>diversa</strong></span> <span class='ocrx_word' id='word_1_285' title='bbox 1193 3497 1480 3554; x_wconf 86' lang='lat' dir='ltr'><strong>lemmata</strong></span> <span class='ocrx_word' id='word_1_286' title='bbox 1540 3497 1905 3571; x_wconf 89' lang='lat' dir='ltr'><strong>pertinentia</strong></span> <span class='ocrx_word' id='word_1_287' title='bbox 1967 3491 2218 3553; x_wconf 82' lang='grc' dir='ltr'><em>εἰσθέσει</em></span> <span class='ocrx_word' id='word_1_288' title='bbox 2272 3496 2334 3552; x_wconf 91' lang='lat' dir='ltr'><strong>et</strong></span> 
     </span>
     <span class='ocr_line' id='line_1_38' title="bbox 308 3582 2333 3661; baseline -0.001 -18"><span class='ocrx_word' id='word_1_289' title='bbox 308 3606 554 3645; x_wconf 89' lang='lat' dir='ltr'><strong>numero</strong></span> <span class='ocrx_word' id='word_1_290' title='bbox 599 3604 803 3645; x_wconf 90' lang='lat' dir='ltr'><strong>versus</strong></span> <span class='ocrx_word' id='word_1_291' title='bbox 841 3585 1062 3659; x_wconf 89' lang='lat' dir='ltr'><strong>addit0,</strong></span> <span class='ocrx_word' id='word_1_292' title='bbox 1109 3585 1335 3645; x_wconf 89' lang='lat' dir='ltr'><strong>scholia</strong></span> <span class='ocrx_word' id='word_1_293' title='bbox 1372 3584 1631 3643; x_wconf 85' lang='lat' dir='ltr'><strong>eiusdem</strong></span> <span class='ocrx_word' id='word_1_294' title='bbox 1668 3585 1898 3661; x_wconf 86' lang='lat' dir='ltr'><strong>generis</strong></span> <span class='ocrx_word' id='word_1_295' title='bbox 1934 3585 1996 3641; x_wconf 92' lang='lat' dir='ltr'><strong>et</strong></span> <span class='ocrx_word' id='word_1_296' title='bbox 2033 3582 2333 3642; x_wconf 88' lang='lat' dir='ltr'><strong>lemmatis</strong></span> 
     </span>
    </p>
   </div>
  </div>
 </body>
</html>
