2646 3882
317 204 451 269 200
1214 203 1440 259 Scholia

261 390 296 433 A
455 374 567 433 38..
629 372 1170 453 καγχλάζοισανε
1217 369 1349 432 ἀντὶ
1389 380 1493 433 τοῦ
1530 372 1984 450 πληθύνουσαν.
2120 372 2177 431 b.
2223 369 2348 432 ἒν-”

320 461 446 523 δον
493 458 556 521 δὲ
603 460 691 521 ὅτι
736 460 849 522 ἔσω
893 469 998 539 τῆς
1017 460 1264 573 ηφιάλης
1310 458 1493 540 ἔχεται
1538 457 1571 520 ὅ
1609 454 1789 533 οἶνος.
1926 480 1971 520 ο.
2021 458 2340 539 ἀμπέλου

320 548 574 635 δρόσφε
619 546 810 631 ἤγουν
853 554 934 633 τῷ
981 549 1141 635 οἴνῳ.
1205 570 1231 610 e

174 646 300 711 8⁸¹0
454 640 569 699 3d.
634 637 1134 719 καχλάζοισαν·
1180 634 1313 698 ἀντὶ
1348 646 1453 699 τοῦ
1490 636 1980 720 πεπληρωμένην·
2016 635 2219 718 πρὸς
2205 637 2238 699 ὀ
2272 638 2339 701 τὸ

318 744 393 805 ση
437 732 577 788 εἴον.
2396 748 2424 791 5

256 833 291 876 A
395 752 508 875 ⁹4.
576 815 992 896 δωρήσεται·
1035 814 1108 876 οὗ
1144 814 1332 889 μόνον
1367 816 1695 895 προπίνων,
1732 813 1876 876 ἀλλὰ
1912 813 2013 876 καὶ
2048 814 2158 894 τὴν
2196 816 2336 894 φιά-

318 909 429 983 λην
473 905 766 985 χαρίσεται
809 914 1033 986 χρυσῆν
1077 895 1283 966 οὖσαν.
1376 905 1554 982 δηλοῖ
1587 927 1699 984 γαρ
1745 902 1809 966 τὸ
1858 904 2210 986 δωρεῖσθαι,
2256 902 2338 978 ὥς

313 992 416 1054 καὶ
455 987 784 1074 Ἀνακρέων
830 986 929 1076 (fr.
971 995 1050 1053 66
1067 985 1152 1075 Ῥ)
1199 990 1280 1065 ὡς
1326 992 1426 1053 καὶ
1465 995 1773 1074 προπίνων
1808 992 2061 1093 χρηστὰς
2087 994 2336 1105 φιάλου.

314 1080 415 1144 καὶ
483 1079 883 1161 Δημοσθένης
949 1074 1092 1165 (18,
1137 1074 1295 1165 296)
1369 1081 1508 1154 τοὺς
1580 1080 1971 1162 προδιδόντας
2027 1082 2153 1161 τὴν
2225 1104 2338 1143 πα·-

315 1171 570 1252 τρίδα..
2369 1193 2424 1233 10

99 1275 316 1333 801)Εο
453 1262 566 1321 58..
630 1260 1034 1340 προπίνων.
1097 1259 1411 1339 προπίνειν
1474 1257 1595 1319 ἐστὶ
1657 1261 1877 1340 κυρίως
1949 1258 2014 1320 τὸ
2082 1283 2206 1339 αμα
2258 1266 2337 1344 τῷ

312 1349 563 1428 κράματι
616 1347 680 1409 τὸ
736 1346 972 1429 ἀγγεῖον
1025 1348 1376 1429 χαρίζεσθαι.
1474 1342 1804 1428 Ἀνακρέων
1860 1341 1959 1431 (fr.
1999 1341 2137 1431 66)·
2195 1347 2339 1410 ἀλλα

313 1436 564 1517 πρόπινε
618 1437 899 1517 ραδινοὺς
953 1430 998 1496 ὦ
1055 1438 1188 1515 φίλε
1242 1437 1496 1516 μηρούς·
1552 1434 1681 1497 ἀντὶ
1734 1446 1839 1498 τοῦ
1892 1438 2147 1521 χαρίζου.
2236 1437 2338 1499 καὶ

318 1524 716 1605 Δημοσθένης
763 1518 896 1608 (18,
927 1518 1086 1608 296)
1132 1525 1272 1597 τους
1317 1525 1707 1605 προδιδόντας
1753 1525 1855 1596 τὰς
1890 1527 2175 1606 πατρίδας
2214 1533 2339 1600 τοῖς

246 1631 281 1688 o
316 1612 555 1695 ἐχθροῖς
609 1614 921 1695 προπίνειν
973 1612 1089 1692 ἔφη
1135 1619 1258 1687 τοῖς
1302 1612 1558 1694 ἐχθροῖς.
1605 1629 1679 1676 ΒΕ
1819 1615 1875 1677 b.
1922 1612 2136 1687 άλλως
2182 1612 2338 1688 τινὲς
2368 1636 2419 1677 15

315 1701 676 1783 προπέμπων
712 1700 974 1783 λέγουσι,
1024 1702 1087 1764 τὸ
1136 1700 1197 1763 δὲ
1244 1703 1554 1783 προπίνων
1608 1701 1861 1763 παλαιὸν
1908 1704 2147 1783 σφάλμα
2192 1704 2338 1783 φασὶ

233 1808 270 1864 o
315 1800 432 1853 τῶν
468 1791 841 1873 γραψάντων.
962 1812 1008 1853 ο.
1038 1792 1244 1875 νεανίᾳ
1281 1788 1344 1851 δὲ
1382 1795 1650 1875 γαμβρῷ,
1684 1797 1765 1876 τῷ
1801 1790 2032 1877 ἀκμαίῳ
2069 1793 2335 1878 νυμφίῳ·

314 1880 582 1963 γαμβρὸν
626 1878 736 1962 γὰρ
782 1880 1000 1959 κυρίως
1047 1880 1149 1941 τὸν
1177 1881 1461 1961 ’νυμφίον
1506 1878 1740 1962 λέγουσι
1784 1880 2075 1960 δηλονότι.

247 1987 280 2032 A
457 1973 492 2031 6
515 1990 568 2031 a.
635 1970 960 2032 οἴκοθεν·
1007 1969 1104 2031 διὰ
1149 1968 1261 2051 γὰρ
1307 1969 1416 2048 τὴν
1462 1969 1788 2049 οἰκειότητα
1825 1971 1891 2031 αἱ
1924 1971 2106 2033 οἰκίαι
2140 1972 2342 2032 κοιναί

314 2059 426 2120 εἰσι
469 2069 576 2120 τοῦ
621 2065 917 2140 πενθεροῦ
963 2056 1063 2120 καὶ
1106 2068 1213 2120 τοῦ
1259 2062 1546 2141 γαμβροῦ.
1613 2081 1665 2121 ιο
2365 2082 2420 2122 20

101 2165 319 2223 800Εο
458 2150 571 2209 6b.
649 2148 1074 2255 πάγχρυσον
1119 2149 1475 2254 κορυφάνε
1547 2147 1611 2208 τὸ
1677 2145 1785 2227 μὲν
1856 2149 2195 2230 πάγχρυσον
2260 2147 2340 2222 ὣς

314 2237 462 2318 πρὸς
517 2236 626 2316 τὴν
679 2237 930 2315 φιάλην,
987 2229 1074 2297 ἵν’
1115 2225 1155 2322 ᾖ
1200 2232 1239 2314 ἡ
1296 2238 1481 2316 φιάλη
1537 2235 1644 2315 ὅλη
1700 2245 1903 2318 χρυσῆ.
2046 2258 2095 2299 ο.
2152 2237 2217 2299 τὸ
2276 2236 2339 2299 δὲ

314 2325 644 2407 κορυφὰν
691 2326 1036 2404 κτεάνων,
1082 2324 1172 2385 ότι
1217 2323 1731 2438 ἀξιοπρεπέστερος
1776 2334 1895 2387 τῶν
1932 2335 2038 2387 τοῦ
2076 2328 2337 2389 πλούτου

315 2415 624 2496 χρημάτων
673 2412 704 2475 ὁ
750 2414 979 2495 χρυσός.
1070 2412 1349 2494 κορυφὰν
1395 2406 1508 2476 οὖν
1553 2413 1616 2476 τὸ
1655 2415 1979 2492 κεφάλαιον
2016 2414 2116 2475 καὶ
2152 2413 2339 2495 άκρον

231 2520 266 2566 c
319 2502 654 2566 ἀκουστέον.
703 2522 755 2566 1·
769 2520 889 2577 οεο
1023 2503 1076 2564 d.
1125 2501 1184 2576 ἐξ
1218 2498 1479 2582 Ὁμήρου
1524 2512 1697 2564 τοῦτο
1733 2501 2037 2582 παρέξεται
2074 2504 2338 2579 φάσκον-
2365 2525 2420 2565 25

317 2607 444 2666 τος
493 2599 573 2678 τῷ
591 2591 822 2673 κτέρας
869 2589 1046 2654 ουδὲν
1095 2590 1300 2670 όμοιον
1348 2585 1434 2674 (Κ
1473 2594 1598 2651 216
1649 2593 1719 2651 cl.
1757 2592 1823 2650 Ω,
1861 2585 2033 2673 235).

462 2788 526 2836 11
573 2781 726 2834 Eunt.
768 2779 869 2834 od.
903 2785 1058 2846 1732,
1088 2785 1180 2833 38:
1223 2773 1312 2849 ἦν,
1352 2795 1513 2848 φασι,
1548 2775 1755 2846 κυρίως
1788 2775 2087 2847 προπίνειν
2124 2777 2186 2832 τὸ
2224 2778 2334 2846 πρὸ

318 2853 521 2908 ἑαυτοῦ
569 2851 796 2907 διδόναι
839 2852 953 2907 τινὶ
997 2847 1210 2905 πίνειν·
1259 2850 1374 2904 ἔστι
1420 2848 1484 2904 δὲ
1530 2847 1620 2904 ὅτε
1656 2850 1754 2903 καὶ
1788 2849 1852 2904 τὸ
1890 2847 2162 2917 ποτήριον
2198 2849 2335 2904 ἀπο-

316 2920 700 3061 χιὲρέἰίθξὲὸ
703 2922 877 3048 (ἔξω.
917 2918 1272 2991 προπίνεινῖ)
1419 2925 1486 2974 14
1526 2920 1676 2975 Suid.
1717 2920 1877 2974 Phot.
1916 2917 2192 2989 προπίνει.

460 3161 493 3208 4
531 3155 658 3210 ἀντὶ
693 3161 794 3207 τοῦ
832 3156 890 3208 et
925 3153 1152 3222 πρὸς-
1173 3157 1204 3206 5
1236 3160 1462 3222 σημεῖον
1491 3169 1596 3206 om.
1629 3155 1668 3207 Β
1812 3156 1951 3207 9.10
1981 3170 2094 3205 πατ
2132 3147 2251 3206 ίαν·
2280 3153 2335 3207 V

316 3225 432 3279 Lac
467 3224 714 3278 indicavi
823 3230 885 3278 11
925 3224 962 3277 1.
1003 3241 1109 3278 om.
1143 3226 1180 3279 D
1209 3226 1228 3293 ΙΙ
1255 3221 1462 3292 κυρίως
1501 3224 1613 3278 ἐστὶ
1652 3223 1795 3280 000
1906 3229 1973 3277 13
2007 3242 2086 3292 πρ
2154 3242 2267 3278 εινε
2298 3225 2337 3278 Β

315 3295 543 3364 τρόπινε
573 3299 618 3364 (-
623 3315 648 3350 ε
668 3311 735 3349 ex
754 3312 890 3349 corr,
913 3295 1004 3362 0²3
1034 3301 1158 3350 -ενῬ
1189 3295 1224 3350 ὓ
1235 3295 1379 3365 ¹)00
1409 3298 1427 3364 ΙΙ
1455 3294 1665 3365 μηρούς
1707 3295 1955 3364 μακρούς
1974 3294 2011 3351 0
2050 3293 2279 3386 μοιρούς
2299 3295 2336 3350 0

428 3370 493 3420 15
522 3375 640 3427 τοῖς
668 3366 894 3436 ἐχθροῖς
915 3366 1054 3437 (alt.)
1085 3382 1189 3418 om.
1220 3381 1252 3420 v
1281 3365 1431 3435 (hab.
1464 3365 1616 3420 Suid.
1690 3366 1807 3421 hot.
1939 3371 2007 3420 16
2043 3364 2339 3434 προπίνων

320 3437 434 3494 (ΙΝ.
471 3434 767 3504 προπίνειν
797 3438 834 3492 0
881 3433 1190 3505 προτείνων
1220 3436 1307 3493 0⁸⁴²
1419 3443 1484 3491 18
1513 3436 1771 3506 δηλονότι
1851 3438 1966 3496 ssuz
1996 3439 2204 3507 δηλοῦν
2236 3440 2266 3492 b

321 3512 387 3561 19
428 3505 701 3576 οἴκοθ(εν)
858 3513 938 3560 -21
976 3507 1015 3562 1.
1056 3510 1119 3562 Β·
1159 3524 1264 3562 om.
1307 3508 1395 3564 (ΣΙ)
1451 3507 1777 3579 πάγχρυσον
1818 3509 1905 3566 ΕΩ
2067 3514 2135 3563 23
2173 3528 2340 3578 κορυ-

321 3577 435 3647 φὴν
475 3577 561 3633 GE
606 3580 624 3646 ΙΙ
666 3585 766 3632 τοῦ
807 3594 911 3631 om.
955 3580 990 3633 Ε
1112 3583 1179 3631 24
1218 3578 1475 3648 κορυφὴν
1515 3579 1603 3636 GD
1724 3586 1793 3634 25
1828 3577 2235 3652 παρείληπταιῖ
