2646 3882
954 258 1173 327 Olymp.
1204 256 1334 311 xm
1369 263 1578 312 26—29
2156 255 2290 321 363

244 425 595 507 μηχανήν..·1
636 423 815 506 μέτρα
868 421 933 485 δὲ
988 424 1171 487 αὐτὸν
1227 422 1259 485 ὁ
1308 424 1652 505 Πίνδαρος,
1689 422 1958 505 παρόσον
2002 421 2069 485 έν
2113 444 2286 505 κερα-
2315 448 2437 504 περ

249 518 481 592 μεικοῖς
518 524 855 595 μετροῦμεν.
906 510 1033 595 [καὶ
1072 513 1183 575 ὅσα
1217 510 1385 593 ἄλλα,
1411 512 1562 593 χόες,
1585 520 1920 593 ψυκτῆρες,
1953 508 2286 595 κώθωνες]

249 602 409 667 ἔνιοι
467 600 531 665 δὲ
590 603 795 664 ἵππεια
852 602 1019 664 ἔντεα
1076 602 1309 683 ἅρματα
1365 600 1466 663 καὶ
1525 600 1830 683 χαλινοὺς,
1865 600 2006 663 ἒάπὸ
2069 599 2288 681 μέρους

250 692 399 766 τοὺς
456 693 833 771 πολεμικούς.
923 691 1013 753 ὅτι
1072 689 1137 753 δὲ
1194 686 1337 773 παρ’
1377 690 1579 764 αὐτοῖς
1641 689 1673 752 ὁ
1733 690 1974 771 χαλινὸς
2025 691 2294 771 εὕρηται,-

188 803 221 844 5
252 782 525 843 δείκνυσι
564 781 641 841 τὰ.
669 779 821 860 ἑξῆς.
874 799 1060 854 291)εο
1200 781 1258 840 d.
1304 778 1338 841 ὁ
1375 781 1644 858 Δίδυμος
1679 777 2283 861 ἕτέρανάποδίδωσιν
2311 804 2475 861 Βοερ

252 870 448 942 οὕτως
506 869 757 951 ἔχουσαν
770 886 783 899 ·
843 869 952 948 τὴν
1011 868 1077 930 ἕν
1135 868 1456 951 πρόθεσιν,
1517 866 1644 930 ἀντὶ
1701 877 1807 948 τῆς
1862 868 1946 941 εἴς
1990 865 2292 948 κειμένην,

251 957 591 1021 συναπτέον
644 957 792 1041 πρὸς
846 958 917 1019 τὰ
964 956 1175 1039 μέτρα·
1230 958 1319 1031 τίς
1371 956 1484 1038 γὰρ
1538 963 1661 1029 τοῖς
1713 958 1799 1030 εἰς
1852 955 1922 1017 τὰ
1965 955 2147 1037 μέτρα
2193 956 2290 1017 ἰπ-

250 1049 448 1120 πείοις
500 1048 725 1109 ἔντεσιν
779 1047 1059 1129 ἐχρήσατο
1122 1046 1327 1127 πρώτη
1377 1044 1418 1125 ἢ
1464 1046 1571 1125 σὺ,
1625 1040 1674 1107 ὦ
1729 1045 2023 1127 Κόρινθε;
2085 1046 2292 1107 ἵππεια

254 1135 323 1199 δὲ
372 1136 539 1198 ἔντεα
583 1134 905 1199 ἀκουστέον
950 1136 1021 1198 τὰ
1067 1135 1396 1197 Φειδῶνεια
1439 1132 1666 1217 ἀγγεῖα·
1712 1133 1879 1195 ἔντεα
1923 1134 2035 1215 γὰρ
2071 1132 2149 1195 ἂν
2195 1134 2290 1214 εἴη

169 1249 225 1288 ιο
253 1226 363 1305 τὰς
409 1226 671 1306 χοίνικας
720 1224 820 1287 καὶ
866 1226 1006 1297 τοὺς
1044 1226 1367 1305 μεδίμνους
1412 1223 1619 1305 λέγων,
1665 1222 1766 1285 διὰ
1810 1222 1920 1301 τὴν
1963 1223 2292 1302 κοιλότητα.

252 1314 357 1378 καὶ
376 1310 641 1395 ’Ὅμηρος
679 1307 748 1397 (η
779 1312 935 1393 232)
954 1328 967 1341 ·
1013 1313 1346 1393 ἀμφίπολοι
1381 1308 1438 1373 δ’
1471 1311 1835 1392 ἀπεκόσμεον
1871 1310 2037 1373 ἔντεα
2074 1312 2290 1385 δαιτός.

251 1405 486 1467 τούτων
532 1395 644 1465 οὖν
689 1413 806 1464 τῶν
851 1404 935 1476 εἰς
981 1403 1051 1463 τὰ
1107 1400 1287 1484 μέτρα
1341 1400 1554 1464 ἐντέων
1609 1402 1846 1484 εὑρετάς
1902 1420 2093 1482 φησιν
2137 1394 2294 1463 εἶναι

251 1492 399 1565 τοὺς
441 1494 827 1574 Κορινθίους.
920 1493 1079 1553 διατί
1120 1488 1183 1553 δὲ
1238 1492 1444 1554 ἵππεια
1489 1491 1638 1553 αὐτὰ
1681 1484 1872 1566 εἷπεν;
1920 1490 2011 1552 ὅτι
2053 1490 2290 1553 Φείδων

256 1580 291 1643 ὁ
340 1590 571 1663 πρῶτος
616 1581 814 1660 κόψας
860 1582 1214 1663 Κορινθίοις
1270 1580 1335 1642 τὸ
1391 1578 1603 1662 μέτρον
1645 1574 1902 1661 Ἀργεῖος
1922 1619 1926 1621 -
1947 1574 2052 1661 ἧν·
2113 1580 2177 1641 τὸ
2224 1576 2290 1643 δὲ

23 1742 25 1757 Ι
172 1693 226 1733 15
246 1667 463 1753 Ἄργος
510 1670 747 1731 ἵππειον
786 1668 1057 1752 λέγουσιν
1092 1671 1159 1732 ot
1188 1672 1444 1749 ποιηταί.
1516 1669 1854 1750 Εὐριπίδης
1890 1664 1976 1753 (J.
2004 1671 2071 1731 Τ.
2106 1662 2292 1753 7oo)·

22 1766 27 1851 ξ
114 1761 118 1767 ’
256 1760 405 1822 ὅταν
449 1760 534 1833 εἰς
570 1754 805 1821 Ἑλλάδ’
846 1759 1082 1827 ἴππειόν
1126 1753 1181 1820 τ’.
1204 1755 1421 1839 ’Ἄργος
1467 1758 1667 1843 μόλῃς.
1702 1764 1858 1820 ἐιῑό
1883 1776 2051 1833 astte

23 1854 25 1857 ’
399 1852 479 1910 29
504 1869 557 1909 a.
620 1845 660 1927 ἢ
696 1854 887 1910 θεῶν
932 1854 1220 1909 ναοῖσιν
1267 1848 1548 1910 οἰωνῶν
1581 1845 1878 1928 βασιλέα
1923 1848 2258 1926 δίδυμονε
2287 1869 2501 1924 acuto

253 1936 363 2000 τὸν
408 1936 629 1999 αἰετόν·
679 1936 829 2017 φησὶ
874 1935 939 1999 δὲ
983 1937 1049 1999 τὸ
1094 1935 1242 1999 κατὰ
1287 1936 1428 2010 τοὺς
1463 1937 1649 2010 ναοὺς
1683 1946 1802 1999 τῶν
1838 1941 2002 1998 θεῶν
2039 1934 2289 2018 ἀέτωμα.

253 2029 345 2102 τίς
394 2017 536 2105 οὖν,
592 2044 808 2106 φησιν,
862 2025 929 2088 ἐν
974 2031 1098 2100 τοῖς
1142 2032 1312 2100 ναοῖς
1357 2036 1476 2088 τῶν
1521 2031 1684 2088 θεῶν
1736 2023 1842 2088 τὸν
1886 2025 2128 2106 βασιλέα
2170 2035 2291 2088 τῶν

168 2137 225 2176 20
256 2114 530 2196 ὀρνίθων
573 2113 852 2196 ἐπέθηκε,
896 2116 961 2177 τὸ
1008 2115 1325 2197 λεγόμενον
1362 2113 1618 2194 ἀέτωμα;
1666 2115 1921 2193 δίδυμον
1967 2113 2036 2176 δέ
2079 2132 2290 2194 φησιν,

257 2205 350 2267 ὅτι
395 2205 573 2266 διπλᾶ
616 2204 687 2265 τὰ
732 2203 1064 2284 ἀετώματα,
1110 2203 1363 2266 ὄπισθεν
1408 2203 1509 2265 καὶ
1553 2201 1922 2286 ἔμπροσθεν,
1967 2203 2068 2266 διὰ
2113 2204 2179 2267 τὸ
2221 2203 2286 2280 ἐξ

400 2401 437 2449 3
472 2395 587 2448 soh.
617 2395 663 2447 B
700 2396 753 2447 52.
784 2399 885 2447 277
900 2415 912 2446 :
950 2391 1242 2462 Πίνδαρος
1266 2392 1339 2446 τὰ
1366 2391 1780 2462 ἅρματα.ἕντεά
1809 2408 2005 2462 φησιν·
2045 2391 2294 2456 ἱππείοις

257 2467 439 2529 ἔντεσι
475 2465 661 2534 μέτρα.
807 2471 839 2518 9
876 2465 985 2535 Ap.
1016 2465 1171 2534 soph.
1202 2469 1290 2531 69,
1312 2469 1396 2518 17.
1433 2463 1542 2518 EG
1571 2469 1691 2530 150,
1713 2469 1778 2517 55
1937 2467 2003 2517 18
2042 2465 2154 2518 sch.
2193 2465 2289 2520 Ar.

254 2555 344 2592 av.
378 2542 531 2592 1110.
578 2535 735 2591 Euat.
764 2535 827 2589 11.
859 2541 1013 2603 1352,
1036 2541 1119 2590 38.
1166 2535 1273 2590 lex.
1303 2535 1532 2590 Bachm.
1557 2540 1642 2602 35,
1664 2540 1748 2590 10.
1787 2534 1904 2588 ΕΜ
1932 2541 2016 2602 21,
2041 2542 2086 2590 1.
2136 2535 2291 2592 Suid.

252 2607 435 2672 ἀετός.
488 2608 793 2677 ἀετώματα.

405 2793 433 2841 1
474 2786 647 2841 αὐτὸν
680 2785 791 2840 EG:
832 2787 1017 2838 αὐτῶν
1047 2783 1137 2840 0ss
1175 2783 1319 2838 αὐτὰ
1347 2799 1381 2838 ν
1491 2790 1592 2838 1.·2
1631 2785 1694 2840 ἐκ
1724 2792 2055 2854 κεραμεικοῦ
2086 2784 2221 2842 0ον

254 2865 290 2912 2
330 2859 431 2912 καὶ
458 2855 563 2912 ὅσα
584 2890 650 2897 -
671 2857 937 2917 κώθωνες
971 2858 1101 2924 post
1140 2861 1206 2910 10
1244 2855 1418 2924 λέγων
1453 2856 1562 2925 τηρ.
1604 2856 1655 2921 b,
1692 2871 1804 2925 quo
1840 2855 2120 2924 pertinere
2159 2873 2295 2912 sane

258 2929 545 2995 videntum
586 2926 791 2982 seclusi
816 2929 835 2997 ΙΙ
862 2926 1010 2998 χόες]
1050 2942 1157 2981 om.
1198 2926 1283 2982 (lv
1327 2923 1570 2997 χοίνικες
1607 2926 1644 2982 G
1783 2932 1814 2980 5
1852 2924 2142 2981 δείκνυται
2175 2937 2295 2992 τοῖς

262 3001 388 3070 ἑξῆς
425 2999 462 3055 0
518 2997 805 3054 δείκνυσιν
844 2999 906 3052 ἐν
943 3005 1061 3059 τοῖς
1098 2997 1223 3067 ἑξῆς
1249 3013 1281 3053 ν
1308 2999 1328 3067 ΙΙ
1355 2996 1386 3051 ὁ
1415 3002 1481 3051 Δ.
1505 3030 1571 3038 -
1594 3004 1626 3052 6
1665 2997 1927 3070 ἔχουσαν]
1967 2997 2142 3062 ἄλλως
2179 3001 2218 3054 Β

258 3079 301 3140 ὃ,
334 3070 365 3126 ὁ
403 3076 605 3125 Δ.-’6
643 3067 905 3139 κειμένην
942 3085 1049 3122 om.
1091 3069 1128 3124 G
1242 3074 1273 3121 6
1312 3069 1441 3122 ἀντὶ
1475 3076 1574 3138 τῆς
1603 3068 1765 3126 Gssbz
1803 3068 1917 3123 ἀπὸ
1954 3077 2053 3139 τῆς
2081 3071 2118 3124 Ε
2164 3070 2292 3124 ἀντὶ

259 3151 360 3198 τοῦ
398 3145 439 3198 Β
549 3147 578 3195 7
620 3141 699 3203 εἰς
733 3140 804 3195 τὰ
840 3161 893 3210 μ.
922 3149 1040 3202 τοῖς
1076 3139 1198 3194 ἱππ.
1232 3143 1267 3197 Ε
1377 3146 1410 3194 8
1447 3141 1689 3209 πρώτοις
1726 3140 1861 3210 0011
1887 3138 2165 3208 Κορίνθιε
2203 3140 2295 3197 ΕΒ.

404 3219 437 3268 8
458 3231 538 3284 sq.
578 3213 739 3268 ἔντεα
775 3210 840 3266 δὲ
876 3211 946 3265 τὰ
988 3214 1049 3265 Φ.
1089 3212 1211 3282 ἀγγ.
1251 3212 1340 3266 ἀκ.
1383 3214 1420 3267 Β
1459 3213 1586 3280 (om.
1626 3210 1844 3282 ἵππεια)
1971 3217 2002 3265 9
2043 3211 2203 3266 ἔντεα
2221 3243 2290 3252 --

266 3290 331 3340 10
366 3284 543 3356 λέγων
581 3301 687 3339 om.
730 3285 812 3338 Βν
968 3289 1030 3337 11
1071 3284 1170 3337 καὶ
1206 3299 1312 3337 om.
1355 3285 1438 3338 Βν
1482 3285 1502 3352 ΙΙ
1547 3281 1883 3353 έπεκόσμεον
1920 3298 1952 3338 ν
2099 3287 2164 3337 12
2205 3282 2290 3337 ἐν·

259 3353 425 3429 τέων]
464 3354 643 3412 ἐπέων
680 3371 714 3410 ν
753 3356 911 3425 (corr.
951 3353 1124 3424 Beck)
1272 3359 1338 3408 16
1379 3350 1513 3408 ὅταν
1551 3353 1630 3416 εἰς
1665 3370 1771 3409 om.
1806 3359 1844 3408 Β
1889 3356 1908 3424 ΙΙ
1947 3351 2216 3415 Ἑλλάδος
2254 3355 2291 3408 Ε

408 3434 473 3482 17
510 3427 547 3480 l.
589 3429 653 3482 B:
692 3443 800 3481 om.
842 3429 879 3482 D
939 3425 1007 3481 οἰ.
1048 3427 1287 3498 βασιλῆα
1325 3421 1565 3496 δίδυμον
1603 3425 1692 3481 cf.
1747 3425 1817 3481 οἰ.
1848 3427 2083 3496 βασιλῆα
2123 3423 2164 3480 ss

268 3503 333 3553 18
360 3499 461 3554 τὸν
498 3497 689 3554 αἰετόν
727 3498 894 3554 GDE:
934 3515 1039 3552 om.
1082 3497 1123 3554 ss
1179 3497 1398 3551 οἰωνῶν
1436 3495 1664 3567 βασιλέα
1712 3496 1813 3551 τὸν
1847 3496 1934 3548 αἰ.
1975 3511 2114 3562 φησι
2153 3496 2237 3549 Βν
2271 3494 2292 3565 Η

262 3571 403 3640 φησὶ
441 3570 660 3626 GDEss:
710 3568 853 3639 λέγει
893 3572 976 3625 Βν
1168 3573 1234 3621 20
1284 3565 1524 3637 δίδυμον
1563 3568 1600 3622 Ι)
1648 3565 1879 3636 (δίδυμα
1915 3565 2003 3618 vel
2039 3562 2286 3633 δίδυμνα

266 3640 336 3711 ej.
374 3642 547 3698 Lehrs
583 3659 637 3710 p.
670 3645 749 3712 8):
790 3638 1041 3711 Δίδυμος
1079 3639 1318 3695 ΒΟΕΟν
1345 3640 1364 3708 11
1391 3637 1456 3693 δέ
1491 3655 1598 3692 om.
1638 3639 1678 3695 0
1823 3643 1888 3689 21
1930 3634 2138 3689 ὄπιθεν
2178 3638 2217 3691 Β
