2646 3882
367 224 497 288 336
1261 223 1486 278 Scholia.

367 390 469 451 καὶ
503 395 843 463 καλοῦντος.
978 410 1027 453 0.
1072 388 1283 464 ἄλλως·
1331 389 1676 469 ἐπωνυμίαν
1713 391 1887 469 νίκης
1922 391 2092 470 χάριν
2128 390 2234 452 τὸν
2271 390 2400 452 ε’πί-

370 502 543 541 νικον
586 472 766 541 εἶπεν.

209 587 371 642 cneo
511 570 669 630 9511.
733 567 1148 647 ἐπωνυμίαν
1211 568 1444 648 χάριντ
1507 567 1732 644 ἔξωθεν
1787 567 1898 647 τὴν
1955 568 2041 641 εἴς
2102 568 2401 649 πρόθεσιν

366 658 530 735 λάβε·
586 657 670 730 εἰς
725 657 896 737 χάριν
949 656 1366 736 κελαδήσομεν.
1502 678 1551 718 e.
1597 655 1730 719 ἀντὶ
1783 666 1888 719 τοῦ
1943 657 2046 719 τὸν
2099 657 2399 735 κεραυνὸν

224 764 341 820 cto
370 746 731 825 ὑμνήσομεν.
874 749 916 809 f.
970 744 1181 819 ἄλλως·
1237 744 1348 824 τὴν
1401 743 1737 825 ὀνομαστὴν
1795 744 2054 827 βροντὴν
2108 746 2208 807 καὶ
2263 747 2397 807 δια·
2457 768 2481 808 5

366 835 602 916 βόητον.
694 857 753 915 g.
778 832 819 914 ἢ
847 834 1026 897 οὕτω·
1064 834 1175 913 τὴν
1202 836 1382 913 νίκην
1407 843 1878 915 περιφραστικῶς
1905 834 2014 914 τὴν
2052 834 2398 916 διαβόητον.

223 943 343 999 8εο
458 926 516 985 h.
562 921 777 997 άλλως·
813 924 983 1005 χάριν
1022 925 1213 1003 νίκης,
1250 923 1350 985 διὰ
1387 923 1496 1003 τὴν
1532 925 1725 1003 νίκην.
1861 925 1900 985 i.
1938 920 1978 1003 ἢ
2017 925 2226 998 οὕτως·
2268 922 2398 986 ἐπί-

366 1020 545 1075 θετον
582 1022 686 1092 τῆς
723 1014 896 1091 νίκης
932 1022 1038 1092 τῆς
1072 1011 1427 1092 ἐπωνύμους
1463 1014 1769 1092 ποιούσης.
1895 1014 1956 1075 k,
1990 1010 2031 1093 ἣ
2066 1022 2172 1093 τῆς
2203 1012 2398 1093 ὄνομα

367 1102 669 1182 φερούσης
712 1101 811 1163 καὶ
857 1103 1189 1183 κρατούσης
1231 1100 1299 1163 ἐν
1346 1101 1521 1164 παντὶ
1567 1103 1776 1183 κράτει.
1843 1121 1940 1165 998

311 1211 342 1253 Α
507 1194 587 1251 96
610 1212 662 1252 a.
727 1192 1200 1271 πυρπάλαμον
1243 1189 1474 1270 βέλοςε
1529 1191 1634 1253 τὸν
1677 1189 1969 1272 κεραυνὸν
2023 1190 2123 1251 καὶ
2167 1189 2233 1251 ἐκ
2277 1214 2396 1252 πυ·
2428 1216 2480 1255 ιο

369 1280 471 1360 ρὸς
516 1279 615 1341 καὶ
662 1279 725 1339 ἐκ
771 1280 916 1351 Διὸς
959 1277 1371 1360 τεχνασθὲντα.

179 1389 341 1445 8οε0
507 1371 665 1431 96b.
728 1368 849 1429 καὶ
900 1369 1373 1450 πυρπάλαμον
1427 1367 1636 1449 βέλος
1688 1367 1762 1430 ἐν
1811 1368 2071 1430 ἅπαντι
2125 1369 2398 1447 κράτειε

368 1457 471 1519 τὸν
516 1456 611 1519 ἐπὶ
655 1458 816 1543 πάσῃ
863 1458 1025 1541 χρείᾳ
1068 1466 1173 1518 τοῦ
1220 1459 1475 1538 κράτους
1521 1456 1706 1519 αὐτοῦ
1755 1455 2044 1537 ἁρμόδιον
2079 1456 2179 1518 καὶ
2207 1456 2396 1538 ἐπαρ-

161 1567 367 1623 8οῠεο
395 1556 615 1608 κοῦντα
658 1546 807 1627 πρὸς
851 1545 955 1620 τὰς
998 1547 1211 1626 χρείας.
1349 1566 1396 1607 c.
1451 1544 1491 1626 ἢ
1541 1546 1688 1628 πρὸς
1745 1557 1942 1607 πᾶσαν
1997 1545 2156 1631 αὐτῷ
2211 1546 2396 1607 δύνα-

178 1656 340 1712 Boeo
370 1658 473 1714 μιν
517 1632 787 1715 ἀραρότα.
923 1638 977 1695 d.
1024 1632 1064 1715 ἣ
1108 1635 1303 1713 κράτει
1348 1644 1418 1719 τῇ
1465 1636 1627 1721 νίκῃ·
1679 1644 1931 1697 νικῶντα
1975 1633 2081 1697 ἀεί.
2145 1654 2242 1697 958
2430 1660 2482 1700 15

202 1789 209 1795 ,
267 1746 343 1801 EQ
370 1746 418 1784 e.
465 1725 707 1803 κράτει
752 1722 1089 1805 ἀραρόται
1134 1721 1510 1804 ἡρμοσμένον
1554 1723 1732 1785 παντὶ
1775 1724 1971 1806 κράτει
2014 1733 2120 1786 τοῦ
2167 1724 2329 1797 Διός.

312 1836 343 1878 Α
509 1815 589 1873 99
611 1833 663 1873 a.
727 1812 1032 1893 χλιδῶσα
1077 1809 1149 1874 δὲ
1198 1814 1457 1891 μολπάτ
1513 1822 1794 1893 τρυφῶσα
1840 1812 1904 1874 δὲ
1949 1810 1987 1890 ’ἦ
2037 1812 2232 1891 μολπὴ
2276 1822 2398 1875 τῶν

356 1899 556 1964 1ἐπέων
612 1899 872 1964 ἀντιάσει
934 1902 1081 1984 πρὸς
1143 1902 1245 1965 τὸν
1308 1902 1591 1983 κάλαμον.
1680 1912 1853 1965 τοῦτο
1909 1900 1975 1964 δέ
2027 1920 2216 1982 φησιν
2271 1900 2398 1965 ἐπεὶ

372 1987 493 2071 μετ’
536 1992 734 2053 αὐλῶν
778 1991 883 2053 τὸν
928 1993 1123 2071 ὕμνον
1169 1991 1386 2072 ἔλεγον.

187 2103 349 2158 aceo
514 2085 595 2142 99
616 2082 673 2142 b.
736 2082 1065 2161 χλιδῶσαι
1111 2089 1410 2162 τρυφῶσα.
1475 2078 1938 2161 ἐναβρυνομὲνη.
2426 2105 2481 2144 20

163 2191 370 2247 80οεο
462 2191 508 2231 c.
556 2167 593 2248 ἡ
643 2169 835 2249 μολπὴ
890 2167 928 2248 ἡ
983 2179 1101 2230 τῶν
1158 2174 1346 2249 μελῶν
1401 2167 1598 2250 ἁβρῶς
1651 2169 1749 2230 καὶ
1801 2167 1991 2248 ἡδέως
2046 2169 2398 2252 ἐντρυφῶσα

370 2269 441 2344 τῇ
486 2257 678 2342 ἡδονῇ
725 2257 1047 2338 ἀπαντήσει
1090 2259 1238 2340 πρὸς
1282 2257 1482 2320 αὐτόν.

318 2369 349 2412 Α
512 2352 639 2409 100
658 2368 711 2408 a.
777 2347 1118 2421 ἀντιάξειε
1174 2344 1585 2428 ὅμοδρομήσει.
1673 2348 2024 2427 συναντήσει
2080 2353 2161 2432 τῷ
2215 2349 2396 2434 αὐλῷ.

460 2440 513 2498 b.
564 2430 693 2498 οἷον
739 2435 1011 2498 άντιάσει.
1077 2435 1439 2514 άνακινήσει.

254 2548 372 2604 neq
512 2530 707 2587 1000.
771 2525 1087 2600 ἀντιάξει
1141 2523 1429 2604 μελέωνε
1485 2523 1822 2603 ἀπαντήσει.
1886 2524 2212 2606 άντηχήσει.
2425 2549 2479 2589 25

519 2704 545 2750 1
586 2694 747 2765 νίκην
926 2703 961 2750 4
996 2695 1129 2767 λάβε
1168 2696 1283 2751 0οε
1337 2693 1607 2767 λαμβάνει
1647 2696 1736 2752 ΕΠ
1789 2695 2026 2766 ληπτέον
2066 2698 2106 2751 Β
2153 2697 2282 2766 (vid.
2324 2698 2398 2751 ad

371 2785 427 2836 p.
459 2772 579 2834 335,
600 2771 703 2838 21).
762 2768 845 2821 Ft.
878 2767 983 2822 del.
1014 2771 1031 2837 ΙΙ
1059 2766 1434 2835 κελαδήσομαι
1463 2767 1552 2822 01)
1609 2784 1816 2836 -σωμεν
1847 2768 1886 2825 ss
1913 2770 1932 2837 ΙΙ
1956 2768 2057 2824 τὸν
2084 2788 2196 2836 κερ.
2229 2784 2334 2822 om.
2359 2767 2398 2824 0

517 2843 548 2890 5
585 2838 900 2908 ὑμνήσομεν
940 2841 1000 2894 E:
1040 2855 1234 2907 -σομαι
1274 2837 1363 2893 00
1420 2855 1627 2907 -σωμεν
1667 2838 1708 2894 (1
1879 2846 1911 2892 6
1947 2836 1982 2908 ἢ
2021 2839 2163 2894 οὕτω
2204 2839 2321 2895 GU:
2361 2837 2398 2908 ἢ

372 2917 473 2964 τοῦ
513 2912 549 2965 Ε
594 2908 629 2978 ἢ
669 2910 706 2966 0
742 2913 761 2979 ΙΙ
801 2928 1027 2979 περιφρ.
1065 2909 1167 2980 τὴν
1204 2907 1368 2978 νίκην
1407 2909 1443 2964 0
1591 2915 1618 2961 ’1
1662 2909 1836 2973 ἄλλως
1872 2927 1977 2964 om.
2019 2911 2060 2967 (1
2085 2912 2104 2980 ΙΙ
2133 2911 2261 2966 ἀντὶ
2295 2919 2398 2965 τοῦ

374 2981 471 3036 διὰ
507 3001 552 3034 τ.
593 3002 640 3034 ν.
684 2985 766 3037 Βν
910 2987 942 3035 8
982 2980 1159 3050 ὄνομα
1198 2998 1303 3036 om.
1347 2982 1387 3035 Β
1537 2986 1568 3034 9
1606 2996 1720 3034 non
1755 2982 2052 3052 intellegm
2089 2981 2404 3051 καλούσηςὶ).

375 3053 694 3118 Schroeder,
736 3053 842 3107 del.
884 3053 945 3108 ἐν
982 3073 1038 3108 π.
1070 3052 1259 3120 κράτει
1385 3058 1450 3105 12
1487 3052 1524 3105 1.
1559 3054 1594 3107 Ε
1632 3055 1759 3120 (om.
1789 3053 1886 3106 καὶ
1916 3055 1973 3107 ot
2001 3054 2083 3122 ἐν)
2112 3053 2177 3109 ss:
2218 3070 2324 3107 om.
2357 3055 2398 3109 Β

375 3123 434 3178 ἐν
473 3123 567 3177 ἅπ.
608 3145 691 3192 κρ.
734 3124 770 3180 0
898 3130 961 3178 13
999 3121 1193 3198 χορείᾳ
1233 3125 1268 3178 Ε
1296 3129 1315 3188 li
1343 3121 1587 3192 ἁρμόδια
1628 3124 1663 3177 Ε
1794 3130 1859 3177 14
1895 3121 2119 3194 χορείας
2156 3126 2228 3194 ΕΙ
2265 3121 2301 3192 ἢ
2330 3126 2396 3180 B:

373 3194 470 3248 καὶ
508 3195 544 3250 0
602 3195 775 3258 ἄλλως
812 3195 955 3252 ΒΕΩ
1112 3201 1176 3249 15
1214 3192 1465 3263 ἀρηρότα
1503 3196 1588 3250 Βν
1633 3196 1651 3262 ΙΙ
1697 3197 1963 3266 νικῶντα]
2001 3204 2175 3250 νικῶν

378 3271 442 3318 16
481 3266 669 3334 κράτει
706 3266 803 3320 καὶ
838 3268 1001 3335 ἀραρ.
1044 3269 1079 3320 Ε
1261 3271 1326 3319 17
1371 3268 1554 3335 μολπᾶ
1590 3265 1670 3336 (in
1707 3265 1767 3335 l.)
1948 3272 2016 3320 20
2052 3267 2297 3338 χλιδῶσα
2334 3265 2398 3321 δὲ

375 3337 583 3404 μολπά·
623 3337 750 3392 ἀντὶ
786 3346 885 3391 τοῦ
922 3357 1085 3426 τρυφ.
1130 3339 1211 3391 Βν
1254 3339 1274 3406 u
1320 3335 1517 3409 άβρυν.
1558 3337 1644 3392 οΕ
1807 3341 1873 3390 21
1914 3337 2025 3391 sch.
2077 3341 2185 3392 990
2223 3337 2252 3391 ὁ
2292 3337 2396 3407 (δὲ)

373 3407 1947 3552 {fivffffissffl{582851‘2‘32P²33312st⁸<m>²32÷2⁰3⁴ff⁶³¹³
1975 3406 2399 3544 2⁰3²''2‘v’220'23328k

377 3554 444 3602 25
482 3549 727 3614 ἀντιάξει
756 3550 876 3619 (sic)
897 3583 965 3589 —
986 3549 1281 3620 ἀντηχήσει
1313 3551 1374 3604 Εε
1406 3548 1441 3618 ἢ
1471 3550 1659 3619 ἀντηχ.
1684 3552 1721 3604 D
1761 3548 2027 3613 ἀντιάξει·
2069 3549 2399 3615 ἀπαντιάζει

375 3621 506 3687 (-σει
544 3621 648 3689 0“)·
690 3620 984 3690 ἀντηρήσει
1024 3621 1063 3678 ss
