2646 3882
358 196 490 251 XVI
1230 195 1535 250 PraefatiO.

361 364 656 440 quidquid
699 383 764 423 re
809 383 952 423 vera
995 364 1287 426 traditum
1334 367 1449 438 est,
1500 365 1778 442 religiose
1824 365 2103 424 adhibere
2116 410 2132 439 ,
2192 368 2397 428 cetera

357 453 590 514 abicere
637 453 826 512 debet.
917 452 1130 528 Itaque
1185 454 1249 512 in
1294 455 1639 512 universum
1694 473 1793 514 eas
1838 454 1988 514 mihi
2045 455 2206 533 leges
2252 474 2394 530 pro-

357 543 548 620 posui,
595 545 664 601 ut
708 560 910 602 omnes
957 543 1330 619 quisquilias,
1389 544 1555 601 velut
1600 544 1949 602 accentuum
1996 545 2391 619 spirituumve

355 633 619 690 rationes
667 651 703 690 a
746 633 995 709 vulgata
1041 630 1443 706 abhorrenteS‚
1498 633 1599 707 Ny
1641 633 2071 710 paragogicum
2116 632 2392 694 additum

356 719 740 794 omissumve,
814 721 1035 780 similia
1097 721 1510 796 praeterirem3
1585 721 1795 780 deinde
1868 723 2051 782 etiam
2119 721 2391 800 singulos

355 811 724 888 singulorum
784 810 1052 868 codicum
1116 829 1343 869 errores
1406 809 1505 870 vel
1571 810 2089 886 interpolationes,
2152 811 2260 869 ubi
2316 811 2391 870 de

357 919 499 959 vera
557 899 811 958 lectione
867 917 937 956 ex
991 899 1200 958 ceteris
1257 900 1581 971 constaret,
1637 899 1988 958 omitterem.
2078 898 2137 957 A
2189 902 2389 974 priore

354 989 487 1065 lege
530 1007 668 1048 raro
721 1007 830 1048 1166
883 988 1006 1046 fere
1061 989 1178 1046 nisi
1231 989 1296 1046 in
1341 987 1399 1046 A
1452 989 1515 1046 et
1558 987 1609 1045 B
1658 987 1924 1062 discessi3
1987 990 2239 1048 alteram
2297 991 2392 1048 ita

356 1077 687 1152 observavi,
731 1079 802 1136 ut
847 1078 1076 1136 cautior
1122 1095 1303 1152 quam
1351 1076 1631 1135 audacior
1675 1076 1867 1136 videri
1910 1078 2168 1136 mallem.
2258 1078 2387 1137 Ita-

357 1185 471 1241 que
529 1169 789 1242 primum
845 1166 1180 1241 ubicunque
1243 1165 1420 1224 unius
1475 1167 1573 1224 vel
1631 1165 1883 1224 duorum
1942 1166 2212 1226 codicum
2268 1166 2387 1226 fide

355 1257 553 1314 textus
592 1257 842 1329 constat,
889 1274 1092 1313 eorum
1126 1274 1200 1313 ne
1238 1255 1617 1329 apertissima
1656 1255 1894 1329 quidem
1930 1257 2084 1314 vitia
2117 1257 2383 1330 praeter-

355 1346 508 1402 misi.
600 1343 826 1402 Deinde
883 1343 1100 1403 codicis
1153 1342 1212 1401 A
1256 1362 1458 1402 omnes
1503 1343 1787 1403 lectiones
1834 1344 2041 1418 attuli,
2096 1345 2278 1403 etiam
2324 1347 2391 1404 in

357 1432 425 1491 Ο.
463 1432 518 1506 Ι,
565 1451 704 1492 nam
748 1434 814 1490 in
855 1434 1064 1492 ceteris
1111 1433 1472 1491 carminibus
1508 1432 1574 1492 id
1618 1433 1810 1492 facere
1856 1452 1949 1491 res
1996 1434 2129 1509 ipsa
2174 1434 2386 1511 coegit.

357 1521 512 1580 Item
558 1520 774 1580 codicis
819 1521 870 1579 B
919 1540 1120 1581 omnes
1166 1522 1449 1580 lectiones
1498 1521 1761 1596 adhibui,
1809 1521 1969 1596 quod
2015 1524 2076 1581 et
2121 1525 2391 1582 omnium

355 1610 810 1685 antiquissimus
867 1613 957 1669 est
1015 1613 1076 1670 61
1129 1610 1323 1669 multa
1376 1610 1558 1669 habet
1612 1611 1957 1688 singularia.
2050 1611 2122 1670 In
2173 1614 2387 1672 >ceteris

356 1700 666 1758 Vaticanis
721 1699 915 1776 legem
973 1701 1232 1760 severius
1291 1701 1486 1773 tenui3
1546 1702 1749 1759 tamen
1803 1703 1865 1759 61
1918 1719 1989 1758 611
2040 1701 2093 1758 Ε
2149 1703 2391 1776 praeter

354 1789 659 1847 itacismos
705 1791 765 1847 et
811 1789 1033 1848 similia
1087 1791 1288 1848 omnia
1342 1789 1466 1847 fere
1521 1789 1728 1863 attuli,
1785 1789 1944 1866 quo-d
1995 1791 2049 1848 is
2096 1789 2278 1848 codex
2321 1791 2387 1848 in

328 1877 530 1950 *rebus
567 1877 940 1954 quibusdam,
977 1881 1048 1936 ut
1081 1879 1145 1936 in
1182 1878 1388 1937 ordine
1426 1878 1800 1955 scholiorum,
1838 1878 2165 1938 fideliorem
2202 1898 2385 1955 quam

358 1968 540 2027 ceteri
603 1968 912 2043 archetypi
983 1970 1306 2045 imaginem
1369 1967 1639 2044 praebet3
1712 1970 1774 2027 et
1841 1968 2201 2043 ubicumque
2267 1968 2382 2029 duo

357 2057 629 2132 pluresve
677 2056 928 2116 codices·
956 2058 1022 2115 in
1068 2057 1274 2116 eadem
1316 2057 1572 2115 lectione
1617 2060 1706 2115 ita
1752 2059 2155 2132 consentiunt,
2202 2060 2270 2115 ut
2315 2076 2387 2115 ex

359 2166 425 2205 eo
473 2164 760 2205 consensu
811 2165 929 2205 non
976 2146 1152 2205 modo
1199 2147 1277 2204 ad
1321 2148 1551 2204 textum
1598 2146 2100 2222 constituendum,
2156 2145 2260 2204 sed
2306 2146 2385 2204 ad

359 2236 684 2295 affinitates
731 2235 1000 2295 codicum
1045 2235 1455 2295 diiudicandas
1494 2236 1724 2310 aliquid
1772 2236 1926 2295 effici
1968 2254 2139 2311 posse
2184 2235 2384 2294 videa-

357 2328 482 2400 tur,
536 2325 688 2385 talia
742 2326 943 2383 omnia
997 2325 1314 2402 diligenter
1369 2324 1655 2383 adnotare
1710 2325 1891 2384 volui.
1985 2323 2111 2392 Quo
2159 2325 2387 2383 factum

359 2416 448 2472 est
483 2416 553 2472 ut
587 2415 652 2472 in
691 2413 757 2473 Ο.
795 2414 853 2489 Ι,
897 2415 1002 2472 ubi
1039 2415 1266 2477 codices
1303 2416 1368 2471 in
1402 2415 1525 2472 tres
1565 2415 1891 2487 quatuorve
1931 2412 2143 2472 classes
2182 2430 2385 2473 omnes

359 2502 437 2560 ad
501 2502 752 2561 eundem
815 2504 1201 2577 archetypum
1272 2501 1584 2561 redeuntes
1649 2501 1981 2574 discedunt,
2056 2503 2384 2577 apparatus

357 2591 539 2667 paulo
585 2591 823 2657 uberior
867 2611 1048 2666 quam
1091 2594 1156 2649 in
1203 2593 1413 2651 ceteris
1460 2590 1818 2649 carminibus
1865 2589 2155 2648 evaderet.
2230 2588 2386 2647 Item

358 2678 715 2755 ubicumque
769 2679 820 2737 B
878 2680 1071 2755 abest,
1135 2699 1206 2738 ex
1263 2680 1561 2740 codicibus
1616 2677 1777 2747 DEQ
1840 2679 1994 2737 nihil
2047 2678 2169 2736 fere
2224 2677 2385 2753 quod

359 2769 541 2827 ullius
586 2770 874 2847 momenti
919 2788 1044 2829 esse
1090 2769 1394 2829 videretur
1437 2761 1831 2845 praetermisi)
1904 2766 2127 2827 Contra
2163 2766 2381 2827 codicis

357 2857 709 2932 interpolati
755 2857 798 2914 C
845 2858 1126 2917 lectiones
1174 2858 1534 2935 singularem,
1579 2859 1788 2934 utpote
1836 2876 1986 2932 quae
2034 2856 2111 2916 ad
2153 2858 2388 2915 textum

356 2946 836 3005 constituendum
879 2948 1228 3023 plerumque
1274 2947 1427 3005 nihil
1473 2948 1715 3006 omnino
1760 2948 2027 3020 valeant,
2083 2966 2156 3005 ne
2204 2964 2387 3023 appa-

357 3038 556 3094 ratum
602 3036 764 3094 ultra
801 3054 1034 3094 omnem
1077 3036 1320 3094 modum
1356 3035 1653 3094 inutiliter
1688 3036 2009 3109 onerarem,
2054 3036 2385 3111 permultas

357 3126 555 3199 omisi3
605 3125 676 3183 de
720 3125 832 3183 hoc
867 3126 1056 3202 igitur
1092 3125 1292 3185 codice
1331 3145 1401 3184 ex
1438 3125 1674 3184 silentio
1712 3145 1844 3184 meo
1883 3125 2230 3184 concludere
2266 3145 2388 3184 non

357 3214 514 3273 licet.
587 3214 859 3288 Denique
907 3216 1090 3273 etiam
1136 3216 1322 3275 animi
1368 3232 1547 3277 causa
1592 3216 1881 3273 nonnulla
1920 3234 2071 3289 quae
2119 3214 2195 3273 ad
2233 3232 2387 3275 som-

358 3303 688 3362 nolentiam
731 3303 830 3362 vel
873 3302 1177 3361 licentiam
1235 3303 1617 3361 librariorum
1659 3303 2084 3362 illustrandam
2130 3304 2388 3378 pertine-

357 3394 493 3450 rent
538 3411 631 3449 me
679 3391 976 3451 addidisse
1013 3392 1222 3451 fateor.
1305 3390 1392 3450 Ut
1429 3393 1629 3449 autem
1673 3394 1830 3451 ratio
1868 3412 2001 3451 mea
2048 3391 2125 3450 ad
2170 3390 2387 3448 diiudi-

360 3480 613 3538 candum
639 3480 834 3539 facilis
863 3483 924 3539 et
952 3481 1161 3556 aperta
1189 3483 1359 3554 esset,
1395 3481 1460 3537 in
1486 3498 1604 3537 uno
1634 3481 1896 3540 carmine
1935 3480 2001 3539 O.
2031 3479 2149 3538 XII
2186 3498 2388 3537 omnes

357 3566 643 3629 lectiones
701 3588 847 3645 quas
894 3571 958 3629 in
1015 3571 1308 3644 apparatu
1362 3568 1648 3643 praeterii
1700 3570 1764 3627 in
1818 3569 1934 3627 fine
1988 3570 2163 3627 huius
2218 3586 2388 3643 prae·
