2646 3882
315 204 399 270 72
1209 204 1434 259 Scholia.

307 371 376 438 τὸ.
422 369 532 451 μὲν
575 369 856 454 πρότερον
901 370 988 444 εἰς
1032 372 1326 451 τοσαύτην
1371 371 1699 453 δυστυχιῶν
1748 369 2085 453 ὑπερβολὴν
2127 371 2332 452 ἕληλόο-

311 467 496 522 θασιν
553 460 698 524 ὥστε
753 459 856 523 καὶ
911 465 1212 542 τραγικαῖς
1277 458 1599 524 ὑποθέσεσι
1649 459 1931 542 χορηγίαν
1988 467 2330 542 παρασχεῖν·

311 543 436 611 ἀλλ’
489 547 807 628 ἐφάμιλλος
858 547 959 611 καὶ
1012 548 1363 629 εὐδαιμονία
1421 549 1527 623 τὰς
1586 549 1767 631 κόρας
1818 547 2135 624 διεδέξατο·
2202 550 2333 612 τού-

312 663 430 701 των
475 635 540 700 δὲ
585 636 892 718 μέμνηται,
934 637 1060 700 ἐπεὶ
1106 633 1138 700 ὅ
1179 637 1397 720 Θήρων
1441 638 1527 712 εἰς
1553 639 1752 700 Λάιον
1788 637 1993 720 ἀνάγει
2033 637 2098 700 τὸ
2144 637 2332 720 γένος.

143 745 366 801 Boeo
447 747 498 788 ο
539 723 754 802 άλλως
818 724 1061 789 επεται
1106 725 1178 788 δὲ
1222 727 1455 809 λόγοςε
1501 721 1676 801 οὗτος
1721 725 1754 788 6
1799 727 1970 808 λόγος
2010 725 2341 790 ἀκολουθεῖ
2378 746 2415 789 5

313 815 412 878 και
457 821 585 889 ταῖς
629 825 735 877 τοῦ
773 816 1024 896 Κάδμου
1061 815 1288 897 κόραις·
1340 816 1603 898 μεγάλων
1646 815 1760 898 γὰρ
1794 825 1995 877 κακῶν
2030 825 2335 929 τυχοῦσαι,

311 905 490 966 πάλιν
534 904 601 967 έκ
646 907 971 984 μεταβολῆς
1023 905 1291 986 μεγάλων
1344 903 1595 986 ἀγαθῶν
1643 904 2062 984 ἐκοινώνησαν.
2153 896 2221 967 ευ
2268 902 2334 967 δὲ

313 1003 431 1055 τῶν
474 994 727 1073 Κάδμου
773 991 1122 1075 θυγατέρων
1166 992 1232 1055 τὸ
1277 994 1646 1076 παράδειγμα
1692 991 1880 1075 φέρει·
1937 992 2178 1056 α’νωθεν
2221 992 2334 1134 γαρ

316 1084 583 1163 Θηβαῖος
629 1081 662 1144 ὅ
711 1082 942 1164 Θήρων.

97 1189 311 1246 neoto
449 1172 608 1233 39d.
669 1170 1084 1252 εὐθρόνοιςε
1128 1180 1301 1234 τοῦτο
1348 1170 1497 1254 πρὸς
1540 1171 1650 1250 τὴν
1696 1170 2123 1252 διαδεξαμένην
2166 1170 2337 1233 εὐτυ·
2366 1189 2422 1234 ιο

312 1261 447 1342 χίαν
492 1258 827 1323 ἀκουστέον.

101 1367 369 1423 acuto
449 1353 553 1412 40.
617 1348 894 1411 ἔπαθον
921 1350 995 1412 αἳ
1019 1349 1307 1431 μεγάλα·
1331 1345 1483 1428 Ἰνὼ,
1501 1348 1752 1428 Σεμέλη,
1766 1349 2065 1429 Αυτονοη,
2088 1343 2335 1430 Ἀγαυή·

312 1411 439 1499 ἐπεὶ
490 1436 592 1500 καὶ
644 1430 818 1499 αὗται
871 1443 1178 1500 παθοῦσαι
1230 1437 1298 1500 έν
1352 1436 1531 1523 ἀρχῇ,
1585 1439 1831 1520 ὕστερον
1876 1438 2079 1519 ἔτυχον
2124 1447 2227 1518 τῆς
2272 1436 2338 1500 ἐκ

311 1533 477 1590 θεῶν
519 1535 711 1607 τιμῆς.

281 1633 314 1677 Α
446 1619 530 1675 42
548 1637 601 1677 ε..
660 1621 921 1677 πιτνεῖε
965 1613 1006 1695 ἢ
1051 1617 1249 1678 πίπτει
1291 1612 1335 1695 ἢ
1377 1615 1776 1697 προκατάρχει.
2368 1635 2422 1678 15

101 1722 314 1778 000εο
451 1707 534 1764 42
556 1706 612 1765 b.
675 1709 934 1766 πιτνεῖε
978 1705 1339 1768 καταπίπτει.

141 1810 311 1866 noso
448 1797 530 1853 42
554 1814 602 1855 0.
665 1791 731 1855 τὸ
791 1791 857 1854 δὲ
914 1793 1070 1874 βαρὺ
1127 1793 1355 1867 πένθος
1416 1799 1616 1856 πιτνεῖ
1663 1792 1763 1855 καὶ
1821 1791 2166 1872 ἀφανίζεται
2221 1801 2340 1854 τῶν

311 1879 667 1965 κρεισσόνων
693 1880 1149 1963 ’διαδεξαμένων
1191 1880 1459 1965 ἀγαθῶν.

193 1990 314 2046 ceo
450 1975 534 2032 42
557 1974 614 2033 d.
665 1969 877 2047 άλλως·
931 1969 1169 2051 ἡττᾶται
1223 1972 1334 2054 γὰρ
1388 1971 1454 2034 τὸ
1512 1971 1698 2034 κακὸν
1746 1971 1864 2033 ὑπὸ
1908 1981 2027 2033 τῶν
2070 1968 2341 2051 ἀγαθῶν,

246 2073 251 2078 “
312 2059 412 2123 καὶ
463 2061 632 2134 λύσις
684 2060 805 2123 ἐστὶ
857 2070 964 2141 τῆς
1027 2071 1342 2143 συμφορᾶς
1398 2061 1541 2123 οταν
1595 2059 1829 2143 ἀγαθόν
1882 2084 1939 2121 τι
1990 2058 2336 2142 ἐπιγίνηται.
2366 2080 2424 2123 2⁰

447 2170 496 2211 e.
551 2148 656 2211 ἐὰν
700 2147 766 2211 δὲ
810 2149 984 2231 χωρὶς
1038 2158 1142 2212 τοῦ
1189 2167 1226 2211 σ
1265 2150 1595 2232 γράφηται,
1648 2149 1808 2211 ἔσται
1860 2148 1925 2211 τὸ
1980 2149 2178 2227 νόημα
2222 2171 2339 2211 τοι·-

315 2249 519 2301 οὕτον
564 2237 679 2320 πρὸ
723 2248 840 2300 τῶν
887 2237 1136 2321 ἀγαθῶν
1179 2245 1303 2312 τοῖς
1349 2236 1697 2319 ἀνθρώποις
1731 2262 1803 2301 τα
1837 2238 2017 2300 κακά·
2063 2237 2203 2319 ὅπερ
2238 2236 2342 2300 καὶ
2424 2256 2429 2263 ·

313 2326 380 2389 ἐν
416 2326 590 2415 ἑτέρω
626 2329 815 2406 φησίν
859 2321 958 2411 (fr.
999 2321 1196 2411 225)·.
1231 2325 1453 2389 ὁπόταν
1487 2326 1633 2401 θεὸς
1669 2325 1844 2408 ἀνδρὶ
1878 2328 2070 2408 χάρμα
2103 2323 2340 2411 πέμψῃ,

314 2418 500 2499 πάρος
548 2392 829 2497 μέλαιναν
873 2417 1124 2498 καρδίαν
1166 2414 1556 2495 ἐστυφέλιξεν.

101 2522 313 2579 neoto
451 2510 554 2567 44.
618 2505 776 2578 ζώει
813 2504 938 2586 μὲν
974 2502 1459 2568 ἀποθανοῖσα·
1495 2503 1864 2585 ήστειεύσατο
1900 2502 2049 2586 πρὸς
2086 2502 2197 2581 τὴν
2232 2512 2340 2583 τῆς
2370 2524 2425 2567 25

120 2610 287 2667 80εο
315 2591 584 2676 ευτυχίας
627 2593 994 2676 ὑπερβολὴν,
1047 2594 1137 2656 ὅτι
1190 2593 1429 2673 δοκήσει
1486 2592 1595 2673 μὲν
1634 2591 1645 2674 Ι
1683 2592 1973 2673 τέθνηκεν
2023 2590 2065 2671 ἡ
2110 2590 2342 2673 Σεμέλη

315 2689 396 2768 τῷ
441 2682 644 2765 βρόμῳ
688 2692 793 2746 τοῦ
838 2683 1028 2764 πυρὸς
1072 2692 1176 2746 τοῦ
1213 2682 1563 2765 κεραυνίου,
1618 2684 1687 2769 ζῇ
1733 2679 1798 2744 δὲ
1842 2690 1958 2743 νῦν
2004 2682 2345 2763 συνδιατρί-

315 2774 506 2851 βουσα
551 2778 673 2845 τοῖς
718 2772 1020 2851 οὐρανίοις
1063 2778 1246 2845 θεοῖς.

460 2945 493 2993 2
512 2950 805 3031 τραγικοῖς
833 2946 894 2999 B·
919 2946 940 3013 ΙΙ
964 2939 1192 3014 χορείαν
1215 2944 1251 2999 Ε
1342 2948 1375 2996 3
1404 2960 1506 3014 pro
1524 2939 1722 2997 ἀλλ’--
1738 2941 2024 3007 διεδέξατο
2050 2940 2190 2996 hio
2173 2956 2343 2996 mser.

388 3010 727 3081 μεγάλων-
748 3018 778 3067 7
818 3013 1198 3083 ἐκοινώνησαν
1234 3016 1301 3081 ῦς
1339 3030 1485 3083 quae
1519 3016 1719 3085 postea.
1754 3030 1855 3070 fluo
1890 3012 2017 3068 loeo
2048 3014 2223 3083 repet.

316 3087 351 3135 4
389 3032 582 3152 ἐπειδὴ
622 3083 710 3140 OD
727 3086 762 3141 Ε
926 3091 992 3139 10
1031 3087 1142 3141 εὐθ
1142 3032 1377 3155 ρόνοις(1
1401 3094 1568 3141 τοῦτο
1606 3086 1773 3142 ΒοΕ·
1817 3085 1882 3139 τὸ
1929 3082 2234 3152 εὐθρόνοις
2278 3082 2343 3138 δὲ

230 3192 238 3199 -
319 3155 357 3211 Ι)
371 3153 412 3210 ss
527 3160 591 3208 12
629 3154 815 3223 ἀγανή
853 3157 889 3212 Ε
1008 3162 1074 3211 13
1112 3156 1235 3213 ἐπεὶ
1269 3156 1335 3212 δὲ
1368 3157 1469 3211 καὶ
1505 3159 1542 3212 Ε
1664 3162 1728 3211 16
1764 3153 1955 3211 πίπτει
1991 3170 2123 3226 ego:
2158 3162 2350 3210 πιτνεῖ

463 3230 529 3280 16
563 3234 752 3281 πιτνεϊ
784 3228 851 3281 B:
886 3237 1075 3283 πιτνεῖ
1106 3230 1206 3283 καὶ
1242 3229 1278 3284 Ε
1341 3227 1559 3291 πένθος
1594 3226 1699 3299 (δὲ)
1736 3235 1923 3283 πιτνεϊ
1956 3225 2151 3299 0[Ι)]0

321 3300 386 3350 19
427 3295 602 3361 ἄλλως
637 3312 743 3351 om.
785 3295 822 3353 0
994 3304 1064 3353 20
1101 3298 1227 3370 έπιγ
1231 3298 1329 3368 ένη
1330 3318 1423 3355 ται
1460 3299 1544 3356 011
1716 3305 1783 3353 21
1824 3299 1975 3354 ἔσται
2014 3314 2120 3353 om.
2162 3297 2198 3352 Ε

317 3373 387 3421 22
423 3367 546 3421 ἀνθ
547 3368 777 3439 ρώποις]
815 3319 1541 3438 ἀ.γὰρο11γ23νηὲτέροις
1570 3371 1606 3426 Ε
1632 3370 1653 3439 ΙΙ
1680 3369 1849 3426 ὁπότε
1877 3368 1962 3426 uh
2064 3374 2134 3422 24
2159 3366 2347 3435 πάρος

317 3388 588 3507 μέλαιναν
623 3437 848 3494 Nauck:
894 3438 1035 3507 πρὸς
1081 3439 1190 3510 μέλ.
1232 3441 1322 3498 Εθ
1376 3441 1601 3511 προμέλ.
1641 3442 1679 3499 0
1742 3440 1961 3510 πρόσθε
2007 3460 2059 3509 μ.
2102 3441 2135 3494 h

320 3514 388 3564 26
435 3509 558 3574 ζώει
603 3510 705 3578 μὲν
751 3510 1130 3565 ἀποθανοῦσα
1169 3514 1208 3567 Β
1274 3513 1381 3582 cam
1428 3514 1793 3568 ἀποθανοῖσα
1842 3513 1903 3568 Ε.
1960 3511 2085 3576 ζώει
2130 3508 2231 3579 μὲν
2278 3508 2343 3564 ἐν

315 3529 642 3649 Ὀλυμπίοις
668 3580 811 3652 [0]ss
837 3582 857 3649 ΙΙ
883 3580 1261 3655 ἠστειεύσατο]
1297 3592 1464 3639 τοῦτο
1504 3584 1540 3640 0
1686 3590 1752 3639 27
1791 3589 2070 3651 κεραυνοῦ
2108 3581 2196 3638 οΕ
