2646 3882
304 205 431 269 152
1198 204 1424 260 Scholia.

241 391 274 433 Α
436 373 518 432 55
540 391 592 430 a..
659 368 899 449 ὅλβοντ
954 370 1057 433 τὸν
1112 371 1170 446 ἐξ
1226 371 1439 452 ὑγιοῦς
1494 369 1689 451 ὄλβον.
1832 371 1888 430 b.
1935 371 2006 432 εἴ
2041 394 2150 445 τις
2195 369 2320 454 ἅρ-

302 461 338 520 δ
349 481 441 521 oc:
488 455 620 522 οἷον
662 460 725 521 εἴ
758 483 849 533 τις
894 457 1346 540 ἐπιμελούμενος
1383 468 1488 522 τοῦ
1527 458 1642 521 ἀπὸ
1679 469 1798 520 τῶν
1833 464 2028 520 καλῶν
2065 479 2338 542 συναγοω

301 547 483 629 μένου
538 549 797 611 πλούτου
850 559 1063 611 τοῦτον
1117 547 1280 624 αὔξει
1337 548 1543 622 ἱκανὸς
1597 546 1683 609 ὢν
1738 554 1860 622 τοῖς
1913 548 2169 628 κτήμασι
2219 550 2337 611 καὶ,

299 637 747 750 προσκτώμενος
801 637 1103 719 εὐλογίαν,
1158 637 1239 718 μὴ
1294 637 1530 717 ζητείτω
1585 637 1730 710 θεὸς
1781 635 2084 719 γενέσθαι·
2137 649 2322 700 ταῦτα

300 726 408 808 γὰρ
456 727 615 812 αὐτῷ
662 727 853 787 ἱκανά.
2377 747 2403 788 5

245 835 278 877 Α
439 819 539 878 56.
604 816 1035 877 κτεάτεσσινε
1098 809 1202 876 ἀπ’
1252 815 1494 889 εὐθείας
1556 824 1661 893 τῆς
1724 813 1958 889 κτέατος
2011 820 2317 897 Δωρικῶς·

298 904 369 965 τὰ
412 903 523 987 γὰρ
569 905 653 977 εἰς
699 909 770 966 0—‘v
814 903 898 977 εἰς
946 927 1013 978 ος
1059 914 1368 984 ποιοῦσιν,
1422 902 1502 977 ὥς
1547 897 1689 986 παρ’
1721 900 1955 990 Ὁμήρῳ
2003 898 2107 988 (Η
2132 899 2318 988 475)-

300 992 785 1074 ἀνδραπόδεσσιν.

196 1119 273 1174 uo
433 1098 611 1172 τέλος.

577 1449 837 1518 Scholia
880 1450 953 1516 in
998 1449 1590 1538 Olympionicarum
1635 1467 1900 1519 carmen
1944 1451 2054 1518 VI.-

202 1633 276 1678 Αο
430 1608 673 1698 Ἁγησία
714 1614 1108 1700 Συρακουσίῳ
1154 1612 1373 1700 ἀπήνη.
1447 1637 1540 1678 1011
1568 1636 1706 1676 inser.
1733 1634 1766 1676 Α
2352 1636 2408 1676 10

94 1723 301 1778 BDEFQ
431 1697 674 1788 Ἁγησία
718 1703 1112 1789 Συρακουσίῳ
1156 1704 1269 1788 υἱῷ
1313 1705 1670 1784 Σωστράτου
1715 1701 1932 1791 ἀπήνη.

187 1812 303 1868 εερ
430 1785 671 1876 Ἀγησία
715 1792 1109 1878 Συρακουσίω
1156 1790 1357 1878 ἀπήνη
1403 1794 1516 1878 υἱῷ
1561 1793 1932 1875 Σωστρατου.

184 1900 303 1947 ΑΒΕ
440 1884 564 1943 Τοῦ
610 1876 665 1952 ς’
709 1881 907 1955 εἴδους
950 1878 990 1961 ἡ
1037 1880 1263 1963 στροφὴ
1318 1881 1419 1943 καὶ
1474 1879 1862 1963 ἀντίστροφος
1917 1883 2121 1945 κώλων
2164 1881 2323 1945 ἐστὶν

303 1964 399 2031 ια’.
532 1970 597 2033 τὸ
642 1966 700 2032 α’
744 1968 901 2032 ἐστιν
946 1970 1223 2050 ἰαμβικὸν
1278 1971 1550 2052 δίμετρον
1601 1970 2019 2077 ἀκατάληκτον.
2152 1972 2216 2034 τὸ
2262 1968 2320 2053 β’

301 2060 700 2141 προσοδιακὸν
738 2061 1012 2141 δίμετρον
1049 2058 1467 2139 ἀκατάληκτον.
1590 2060 1658 2122 τὸ
1685 2055 1741 2141 γ’
1777 2060 2176 2143 προσοδιακὸν
2202 2063 2318 2144 τρί-
2351 2081 2404 2123 15

304 2170 513 2229 μετρον
558 2148 990 2228 ἀκατάληπτον,
1047 2145 1102 2210 α’
1146 2150 1504 2230 χοριάμβου,
1559 2145 1617 2230 β’
1663 2150 1937 2230 ἰωνικοῦ,
1981 2146 2033 2232 γ’
2077 2151 2321 2233 χοριάμ-

301 2240 432 2318 βου.
567 2238 633 2300 τὸ
680 2236 736 2299 δ’
781 2235 1285 2319 ἐγκωμιολογικόν.
1423 2236 1486 2299 τὸ
1524 2235 1569 2300 ε’
1613 2238 2019 2320 Ευριπίδειον.
2152 2239 2217 2301 τὸ
2263 2236 2322 2310 ς’

300 2327 699 2409 προσοδιακὸν
751 2327 1260 2410 ’ὑπερκαταληκτον
1318 2328 1608 2432 δίμετρον.
1751 2327 1816 2389 τὸ
1863 2323 1912 2401 ζ’
1965 2328 2323 2410 ἰαμβέλεγος.

389 2416 456 2477 τὸ
492 2414 550 2496 η’
594 2417 809 2497 ἴαμβος
854 2417 1166 2498 τρίμετρος.
1302 2414 1366 2477 τὸ
1403 2409 1468 2477 θ’
1517 2439 1724 2496 ομοιον
1762 2422 1844 2498 τῷ
1881 2438 2041 2478 εκτω.
2177 2417 2242 2478 τὸ
2280 2415 2320 2477 ι’

301 2504 806 2587 ἕγκωμιολογικόν.
940 2504 1005 2566 τὸ
1042 2500 1122 2565 ια’
1166 2504 1446 2585 ἰαμβικὸν
1483 2505 1756 2586 δίμετρον
1791 2504 2318 2587 ὑπερκατάληκτον.
2347 2525 2402 2565 20

447 2699 479 2747 6
515 2692 817 2748 Herodian.
845 2692 872 2745 I
900 2696 1001 2746 391
1041 2696 1129 2764 (=
1164 2692 1217 2746 Π
1257 2698 1376 2762 772,
1398 2698 1466 2747 35
1504 2718 1571 2740 =
1607 2692 1660 2746 Π
1687 2698 1809 2760 936,
1831 2695 1937 2763 21).
2000 2692 2118 2745 EM
2145 2698 2320 2760 542‚8

366 2920 370 2923 .
447 2876 479 2923 3
518 2868 675 2935 αὔξει
703 2886 774 2940 eg
775 2887 833 2924 ο.
863 2869 1055 2935 αὔξειν
1164 2876 1194 2923 7
1224 2870 1304 2935 εἰς
1331 2870 1560 2943 (altwA
1592 2870 1648 2935 ἐξ
1679 2871 1710 2924 b
1739 2872 1791 2939 (e
1819 2868 2126 2925 Red.ma10
2152 2868 2320 2940 lecto)

377 2947 464 2995 11
473 2942 548 3005 ὡς
574 2942 637 2995 δὲ
666 2941 807 2998 ἔνιοι
825 2939 1163 3031 Στυμφηλίῳ
1188 2941 1295 3015 υἱῷ
1315 2942 1444 2995 add.
1477 2944 1515 2996 D
1628 2946 1694 2995 12
1723 2939 2016 3008 νικήσαντι
2044 2946 2144 3011 (-τι
2170 2959 2244 2994 m.
2265 2944 2338 3012 2)-

303 3012 404 3083 τὴν
431 3010 516 3067 κε’
549 3010 654 3082 (πε’
682 3030 756 3067 m.
787 3018 818 3065 2
846 3013 908 3066 in
934 3015 1064 3081 rae.)
1087 2996 1213 3067 ’όλυ
1215 2998 1438 3082 μπιάδα
1466 3013 1594 3067 add.
1626 3014 1660 3068 Ι-“
1768 3018 1835 3066 13
1874 3012 2023 3067 ἐστὶν
2051 3013 2118 3068 A:
2149 3028 2255 3066 om.
2282 3014 2324 3068 V

377 3090 445 3138 14
482 3081 558 3137 ια’
599 3100 736 3137 corr.
775 3100 844 3137 ex
872 3082 954 3138 vst'
985 3085 1028 3140 A
1054 3086 1073 3153 ΙΙ
1102 3084 1249 3138 ἐστὶν
1276 3085 1345 3140 A:
1383 3101 1490 3138 om.
1520 3086 1562 3140 V
1705 3089 1770 3137 15
1806 3083 2148 3151 προσοδικὸν
2177 3099 2321 3138 sem—

302 3172 403 3224 per
442 3158 478 3211 Ε
521 3157 541 3225 ΙΙ
583 3154 648 3209 τὸ
686 3153 825 3225 γ’-
809 3158 913 3209 16
950 3154 1338 3224 ἀκατάληκτον
1382 3154 1444 3209 in
1489 3174 1601 3226 mg.
1633 3156 1676 3211 A
1829 3160 1896 3208 15
1940 3155 2323 3245 προσοδιακὸν

306 3226 422 3296 (alt.
425 3227 470 3298 )]
500 3227 896 3315 ἀνακλώμενον
931 3245 1008 3295 πρ
1011 3228 1159 3281 οσοὸ.
1192 3229 1230 3281 Ι)
1344 3232 1516 3281 15.16
1552 3225 1842 3316 τρίμετρον
1872 3225 2030 3282 Dssv:
2061 3223 2324 3295 δίμετρον

305 3298 397 3353 ΑΕ
442 3300 460 3366 ΙΙ
505 3296 584 3368 α’]
630 3297 691 3351 τὸ
730 3295 783 3351 α’
823 3299 902 3365 A,
942 3298 1081 3351 item
1124 3297 1187 3352 τὸ
1226 3295 1294 3368 β’,
1339 3298 1404 3352 τὸ
1443 3295 1491 3366 γ’
1539 3300 1558 3368 ΙΙ
1603 3296 1914 3369 χοριαμβου
1953 3300 1991 3353 D
2029 3298 2342 3369 (Tzetzes).,

305 3388 509 3439 χοριαμ
548 3377 674 3422 ικοῢ
701 3367 888 3424 AEssv
999 3374 1065 3422 18
1102 3367 1201 3438 δίμ
1202 3387 1292 3437 ετρ
1296 3388 1364 3424 ον
1401 3386 1507 3423 om.
1537 3371 1607 3435 A3
1644 3368 1718 3423 ft
1752 3370 1884 3423 ante
1920 3370 2059 3438 ὑπερ
2063 3389 2111 3424 κ.
2140 3370 2327 3423 trans-

303 3456 490 3508 ponen
527 3457 625 3492 um
660 3442 746 3494 est
789 3442 809 3508 ΙΙ
854 3439 1057 3509 ἴαμβος
1094 3440 1277 3509 ἔλεγος
1308 3442 1353 3495 Α
1409 3437 1733 3510 ἰαμμέλεγος
1771 3442 1807 3495 Ε
1935 3446 2001 3495 19
2040 3439 2190 3513 ἰαμβ
2229 3442 2272 3497 A
2308 3442 2329 3513 ΙΙ

303 3508 593 3581 τρίμετρον
630 3513 668 3565 Ι)
707 3507 987 3581 (δίμετρον
1023 3510 1138 3581 Tz.)
1184 3516 1201 3580 ΙΙ
1246 3508 1451 3579 ὁμοίως
1484 3512 1618 3566 ΑῬΕ
1755 3516 1823 3565 20
1862 3511 1888 3566 ἐ
1891 3516 2199 3584 γγκωμιολο
2203 3510 2328 3567 ικόν

305 3580 477 3637 AEss:
517 3581 628 3651 ἐγκ.
667 3582 962 3651 λειπούσης
996 3590 1094 3651 τῆς
1128 3577 1447 3644 τελευταίας
1484 3582 1755 3652 συλλαβῆς
1793 3585 1831 3637 Ι)
1854 3582 2123 3655 (Tzetzes)
