2646 3882
340 222 466 286 122
1230 221 1455 276 Scholia

330 384 641 470 Ἀρκαδίας
700 386 839 470 ὅρος
899 385 1175 470 Ὅρθιον,
1241 383 1350 467 ἀφ’
1403 381 1478 450 οὗ
1541 388 1638 450 καὶ
1697 386 1736 468 ἡ
1792 388 1936 462 θεὸς
1998 383 2207 470 Ὀρθία
2261 388 2358 452 καὶ

332 473 630 560 Ὀρθωσία
672 482 943 539 καλεῖται.
1080 499 1127 540 ο.
1174 475 1307 556 ἤτοι
1353 487 1422 562 τῇ
1471 474 1737 564 ὀρθούσῃ
1783 477 1888 552 τὰς
1926 484 2218 560 γυναῖκας
2261 478 2365 540 καὶ

335 568 418 641 εἰς
466 568 758 647 σωτηρίαν
803 565 867 627 ἐκ
912 575 1029 627 τῶν
1074 576 1323 628 τοκετῶν
1370 565 1612 652 ἀγούσῃ.

260 665 338 718 8⁸¹
473 658 557 716 54
578 657 633 716 d.
700 649 1136 740 (Ὀρθωσίᾳε)
1182 665 1253 741 τῇ
1294 651 1597 736 Ἀρτέμιδι.

278 763 310 807 Α
344 827 371 860 ³
474 748 554 806 55
578 766 630 806 a.
694 745 821 806 τὰν
867 743 1221 824 μεθέπωνε
1277 744 1489 824 ἥντινα
1533 743 1765 806 διώκων
1810 744 1896 817 είς
1931 739 2362 827 Ὑπερβορέους
2421 769 2446 809 5

335 839 536 916 ηλθεν.
610 864 665 906 54

130 940 335 997 801)Εο
475 925 635 984 551).
707 922 833 984 τὰν
888 919 1243 1003 μεθέπωνε
1302 922 1525 1001 ταύτην
1588 920 1918 983 ἐπιδιώκων
1971 921 2082 1001 τὴν
2137 921 2362 1001 ἔλαφον

336 1011 625 1074 ἐθεάσατο
660 1010 760 1073 καὶ
795 1012 935 1086 τοὺς
963 1007 1394 1092 Ὑπερβορέους
1429 1010 1530 1072 καὶ
1565 1011 1971 1092 ψυχροτάτους
2008 1011 2226 1085 τόπους
2263 1011 2364 1074 καὶ

336 1101 447 1180 τὴν
476 1101 783 1162 Σκυθίαν·
832 1099 987 1162 ἔνθα
1023 1101 1163 1174 στὰς
1200 1099 1482 1181 ἐξεπλάγη
1517 1099 1588 1160 τὰ
1626 1098 1843 1181 δένδρα
1877 1110 1984 1180 τῆς
2011 1099 2226 1180 ἐλαίας,
2261 1100 2364 1162 καὶ

336 1189 519 1252 αὐτὸν
574 1188 867 1269 ἐπιθυμία
921 1188 1089 1271 ἔλαβε
1142 1198 1435 1267 φυτεῦσαι
1487 1182 1590 1249 ἀπ’
1642 1188 1840 1250 αὐτῶν
1883 1189 2017 1271 περὶ
2069 1190 2210 1263 τοὺς
2256 1199 2362 1252 τοῦ
2393 1214 2448 1255 10

336 1280 577 1341 σταδίου
625 1279 841 1352 τόπους
884 1289 989 1340 τοῦ
1037 1279 1299 1340 ἱππικοῦ.
1375 1296 1496 1340 53οε
2404 1279 2410 1285 ’

233 1385 310 1442 00
478 1371 557 1429 56
582 1389 633 1429 a.
698 1372 988 1440 πνοιαῖς
1034 1366 1365 1430 ὄπισθενε
1409 1366 1473 1428 τὸ
1518 1372 1756 1440 πνοιαῖς
1802 1365 1935 1428 ἀντὶ
1974 1376 2080 1428 τοῦ
2116 1376 2360 1428 πνοιῶυ.

422 1460 477 1518 b.
525 1455 715 1536 Βορέα
770 1453 834 1517 δὲ
880 1454 1012 1518 ἀντὶ
1064 1465 1170 1518 τοῦ
1215 1453 1442 1538 Βορέου
1488 1460 1796 1536 Δωρικῶς·
1856 1458 1918 1518 οἵ
1956 1455 2068 1538 γὰρ
2113 1461 2364 1537 Δωριεῖς

336 1544 445 1624 τὴν
490 1550 564 1608 ο-υ
612 1539 949 1626 δίφθογγον
996 1545 1080 1618 εἰς
1126 1556 1165 1605 ἆ
1214 1543 1688 1626 μεταβάλλουσιν.

278 1652 310 1696 Α
474 1637 553 1695 56
577 1655 625 1694 c.
688 1633 979 1714 Βορέαοε
1024 1632 1383 1715 ὑπερβόρεος
1426 1632 1538 1715 γὰρ
1584 1629 1623 1712 ἡ
1661 1632 1819 1714 χώρα
1860 1633 1959 1694 διὰ
2005 1633 2068 1696 τὸ
2108 1631 2362 1696 ὄπισθεν
2393 1654 2446 1700 15

337 1721 554 1804 ΊἛὲρπον
601 1732 717 1784 τῶν
764 1732 867 1785 τοῦ
912 1720 1137 1803 Βορέου
1184 1732 1389 1784 πνοῶν
1435 1719 1500 1783 ἐν
1545 1728 1668 1795 τοῖς
1706 1718 1986 1796 Ῥιπαίοις
2032 1720 2244 1804 ὄρεσιν.

278 1830 310 1874 A
474 1815 575 1872 58.
648 1820 785 1872 τῶν
840 1837 959 1891 μιν
1012 1813 1301 1893 γλυκύςι
1380 1810 1606 1872 τούτων
1669 1809 1852 1872 αὐτὸν
1915 1820 2032 1873 τῶν
2097 1811 2362 1894 δένδρων

336 1899 629 1982 ἐπιθυμία
673 1899 835 1983 ἔσχεν
882 1901 1024 1964 ὥστε
1071 1905 1431 1984 μετενεγκεῖν
1476 1899 1562 1974 εἰς
1607 1898 1716 1979 τὴν
1757 1894 2097 1981 Ὀλυμπίαν.

260 2008 337 2064 no
477 1993 575 2053 59.
644 1991 1317 2073 δωδεκάγναμπτοντ
1372 1990 1600 2051 δώδεκα
1643 1989 1754 2072 γὰρ
1799 1988 1864 2051 ἐν
1905 1983 2193 2076 Ὀλυμπίᾳ
2236 1989 2362 2073 τρέ-

336 2103 421 2162 χει
465 2079 529 2141 τὸ
576 2078 791 2142 τέλειον
836 2080 1015 2163 ἅρμα,
1060 2078 1124 2141 τὸ
1173 2077 1236 2142 δὲ
1282 2078 1542 2140 πωλικὸν
1589 2076 1755 2140 ὀκτώ.
2389 2104 2446 2145 20

279 2187 311 2231 A
474 2172 575 2230 60.
641 2169 873 2231 ἵππων
919 2178 1297 2248 φυτεῦσαιε
1343 2166 1406 2229 τὸ
1436 2168 1772 2247 Πάνθειον,
1817 2166 1883 2231 ἐν
1921 2155 1968 2253 ᾧ
2004 2170 2366 2247 πεφύτευται

337 2255 375 2336 ἡ
423 2257 611 2320 ἐλαία·
666 2256 743 2337 ἣν
801 2256 997 2339 δρέπει
1051 2255 1402 2337 ἀμφιθαλὴς
1455 2262 1596 2329 παῖς
1650 2262 1845 2342 χρυσῷ
1897 2258 2169 2344 δρεπάνῳ
2222 2260 2363 2319 κλά-

340 2348 483 2421 δους
530 2343 603 2421 ιζ’
646 2346 898 2427 τέμνων,
944 2346 1052 2408 ὅσα
1096 2345 1197 2407 καὶ
1240 2345 1311 2406 τὰ
1358 2343 1747 2427 ἀγωνίσματα.

280 2454 312 2498 A
476 2440 554 2497 61
580 2458 632 2497 a.
698 2436 813 2498 καὶ
858 2446 992 2497 νῦν
1039 2436 1140 2508 εἷς
1187 2436 1474 2496 ταύταντ
1529 2444 1646 2496 νῦν
1701 2434 1811 2513 τὴν
1857 2433 2109 2515 εὐωχίαν
2152 2433 2364 2516 ἑορτὴν

340 2519 487 2586 εἶπε·
534 2522 684 2605 λέγει
725 2524 837 2607 γὰρ
882 2523 993 2603 τὴν
1038 2533 1154 2585 τῶν
1203 2523 1573 2603 νικηφορίων
1618 2533 1724 2585 τοῦ
1767 2523 2050 2604 Θήρωνος
2089 2522 2361 2604 εὐωχίαν,
2389 2548 2444 2588 25

340 2613 606 2693 φάμενος
652 2614 735 2686 εἰς
773 2614 993 2692 ταύτην
1030 2612 1303 2694 ἔρχεσθαι
1349 2612 1452 2673 τὸν
1487 2608 1776 2693 Ἡρακλέα
1831 2610 1970 2690 μετὰ
2023 2619 2142 2671 τῶν
2179 2616 2361 2672 Διοσ-

338 2702 587 2782 κούρων.
722 2703 777 2763 b.
825 2702 908 2774 εἰς
952 2701 1022 2763 τὰ
1068 2699 1355 2775 θεοξὲνια.

129 2807 336 2864 aeneo
475 2793 553 2850 61
579 2811 624 2851 ο.
689 2789 807 2852 καὶ
842 2799 974 2852 νῦν
1009 2789 1079 2864 ἐς
1117 2790 1381 2851 ταύταν
1415 2787 1694 2871 ἕορτάνε
1736 2786 1845 2867 τὴν
1881 2796 1986 2849 τοῦ
2026 2786 2360 2867 νικηφόρου

482 2966 689 3014 21-22
726 2962 955 3016 Aristot.
994 2961 1191 3016 mirab.
1223 2967 1307 3016 51.
1357 2962 1470 3015 sch.
1499 2961 1591 3015 Ax.
1621 2959 1769 3013 Plut.
1809 2964 1912 3013 586
1955 2960 2043 3029 (=
2075 2957 2229 3013 Suid..
2267 2979 2362 3015 κο·

336 3029 495 3087 τίνου
533 3032 809 3105 στεφάνῳ)

340 3174 446 3243 (ad
482 3192 535 3243 p.
572 3177 709 3239 121)
748 3181 814 3228 22
850 3172 985 3241 ὅπερ
1006 3171 1219 3243 -Ἀρκ,
1261 3173 1442 3228 delevi
1475 3174 1622 3245 (hab.
1663 3174 1890 3228 Tzebzes
1917 3172 2103 3243 Tricl.)
2132 3174 2152 3243 ss
2174 3169 2365 3242 Ἀρκα-

340 3244 503 3300 δικόν
542 3244 683 3301 1)Εο
736 3246 929 3300 Tricl.:
963 3242 1259 3315 Ἀρκαδίας
1296 3246 1432 3301 Βῦν
1479 3248 1798 3315 (utrumque
1845 3245 2004 3300 codd.
2053 3244 2309 3315 Tzetzae)
2346 3245 2366 3318 Η

340 3316 403 3371 δὲ
440 3316 537 3370 καὶ
574 3316 766 3387 [1)]Εο
793 3316 958 3372 Triol.
996 3318 1095 3372 καὶ
1124 3317 1186 3374 G:
1220 3316 1332 3407 γὰρ
1374 3320 1457 3371 BV
1493 3348 1560 3356 —-
1601 3318 1706 3385 (ad
1736 3336 1794 3406 Ρ.
1829 3319 1972 3387 122)
2019 3322 2049 3370 1
2081 3315 2212 3384 ὅρος
2227 3314 2363 3384 Ἄρκ.

341 3383 912 3459 ΒνΙΙὈρθιάΓΟρθὶς
931 3387 1096 3443 Triol.
1172 3394 1203 3442 5
1236 3392 1381 3453 <Puteo
1422 3386 1596 3455 ορέων
1616 3388 1706 3442 Am
1751 3386 2104 3459 Ίέντεοβορέας
2121 3389 2238 3443 Ape:
2262 3390 2294 3444 b

342 3462 375 3511 8
404 3458 500 3513 καὶ
530 3461 680 3531 (ante
707 3462 899 3530 ψυχρ.)
928 3477 1033 3515 om.
1063 3476 1095 3515 ν
1172 3465 1237 3514 10
1266 3460 1372 3513 αὐτ
1407 3480 1436 3522 ς
1463 3458 1733 3527 ἐπεθύμει
1763 3457 1956 3514 ἐλαίαν
1987 3479 2114 3527 φυτ.
2140 3460 2202 3531 01
2236 3460 2369 3525 τοὺς

342 3547 448 3585 om.
468 3532 507 3585 Β
594 3536 657 3585 16
681 3528 941 3595 Ῥιπέοιςε
966 3534 996 3586 b
1092 3536 1156 3584 1⁷
1188 3530 1362 3585 αὐτὸν
1391 3546 1520 3599 ego:
1551 3530 1736 3583 αὐτῶν
1831 3536 2042 3584 19-20
2071 3529 2168 3584 cfr.
2246 3531 2366 3586 ricl.

344 3606 542 3671 164‚16
621 3608 684 3657 19
715 3603 786 3675 ιβ’
818 3602 1061 3673 δρόμους
1088 3602 1252 3656 Tricl.
1330 3607 1396 3655 21
1426 3598 1720 3655 Πάνθιονε
1761 3601 1793 3655 h
1869 3607 1935 3654 22
1968 3602 2299 3670 δρεπάναιςε
2334 3605 2366 3659 h
