2646 3882
891 225 1110 296 Olymp.
1139 226 1191 281 V
1229 227 1464 282 55-V1
1498 227 1663 281 inser.
2157 226 2284 292 153

306 447 311 452 .
394 389 435 472 ἡ
490 389 554 454 δὲ
608 390 835 480 ἐπῳδὸς
888 393 1097 455 κώλων
1151 389 1245 454 ιδ’.
1372 393 1437 456 τὸ
1483 389 1541 454 α’
1592 391 2080 475 ἐγκωμιολογικὸν
2124 393 2285 474 παρὰ

261 482 406 561 μίαν
469 491 574 544 τοῦ
645 487 1133 564 πενθημιμεροῦς
1204 483 1502 563 ἰαμβικοῢ.
1656 482 1721 544 τὸ
1765 479 1825 563 β’
1885 483 2284 558 προσοδιακὸν

261 571 533 653 δίμετρον
578 568 996 650 ἀκατάληκτον.
1132 571 1196 633 τὸ
1242 568 1297 653 γ’
1342 571 1762 652 Στησιχόρειον
1809 576 1888 656 τῷ
1932 571 2281 659 Πινδαρικῷ

261 659 554 738 ἰδιώματι·
613 657 645 721 ὅ
701 658 813 742 γὰρ
865 665 1193 734 τελευταῖος
1251 659 1387 722 ἀντὶ
1437 661 1710 742 τροχαίου
1757 660 1976 741 ἴαμβον
2022 659 2150 740 ἔχει.

206 770 233 810 5
260 749 326 810 τὸ
370 744 426 809 δ’
470 747 894 810 ἀναπαιστικὸν
950 749 1311 831 μονόμετρον
1362 748 1784 828 ἀκατάληκτον.
1917 748 1982 810 τὸ
2028 743 2073 810 ε’
2119 749 2282 810 ι’ωνι-

260 838 370 899 κὸν
426 837 699 918 δίμετρον
743 837 1274 919 ὑπερκατάληκτον.
1408 838 1475 900 τὸ
1521 833 1576 908 ς’
1622 837 1868 900 ἰωνικὸν
1922 836 2285 918 μονόμετρον

261 925 794 1007 ὑπερκατάληκτον,
840 923 909 1008 [ἢ
953 925 1382 990 ἀναπαιστικὸν
1427 923 1747 1008 δίμετρον].
1880 926 1945 988 τὸ
1993 923 2042 999 ζ
2085 927 2284 1007 ἰαμβι-

262 1015 369 1077 κὸν
433 1016 707 1097 δίμετρον
770 1014 1187 1095 ἀκατάληπτον.
1338 1015 1401 1078 τὸ
1449 1012 1506 1095 η’
1559 1015 1964 1098 Εὐριπίδειον.
2107 1016 2172 1079 τὸ
2217 1010 2284 1077 θ’

264 1103 474 1183 ὅμοιον
516 1110 598 1189 τῷ
643 1097 701 1185 β’
748 1113 852 1183 τῆς
898 1114 1160 1186 στροφῆς
1204 1104 1353 1166 κατὰ
1397 1104 1462 1167 τὸ
1507 1104 1652 1178 ἔθος
1696 1114 1816 1166 τῶν
1862 1105 2122 1166 ἰωνικῶν
2167 1103 2284 1166 άπὸ

181 1214 235 1254 10
262 1194 550 1275 βραχείας.
676 1192 741 1254 τὸ
780 1188 821 1254 ι’
866 1194 1220 1256 δακτυλικὸν
1252 1192 1710 1275 πενθημιμερές.
1843 1193 1908 1255 τὸ
1945 1189 2025 1254 ια’
2070 1193 2281 1273 ὅμοιον

262 1287 341 1369 τῷ
395 1278 454 1363 β’
510 1291 617 1362 τῆς
670 1291 951 1363 στροφῆς.
1093 1282 1160 1345 τὸ
1208 1276 1287 1364 ιβ’
1344 1283 1694 1346 δακτυλικὸν
1751 1283 2057 1363 τρίμετρον
2109 1305 2286 1344 κατα-

263 1370 555 1451 ληκτικόν.
695 1370 762 1433 τὸ
817 1366 895 1452 ιγ’
954 1370 1354 1454 προσοδιακὸν
1422 1369 1539 1433 ἀπὸ
1603 1372 1947 1454 χοριάμβου.
2097 1370 2161 1432 τὸ
2208 1367 2288 1432 ιδ’

261 1458 695 1542 Στησιχόρειον.
761 1483 785 1523 ‘1
803 1479 836 1521 Α

395 1559 577 1618 Insor.
608 1578 661 1619 a.
721 1556 841 1619 Τὸν
872 1551 1153 1640 Ἀγησίαν
1189 1559 1254 1620 οἵ
1284 1557 1393 1639 μὲν
1420 1559 1862 1640 Συρακούσιον,
1899 1560 1962 1620 οἱ
1993 1555 2056 1620 δὲ
2083 1563 2283 1638 Στυμ-
2310 1574 2343 1616 Α

185 1667 237 1708 15
264 1647 501 1725 φάλιον.
595 1647 659 1708 οἱ
698 1643 763 1708 δὲ
808 1645 1010 1728 χρόνοι
1054 1657 1158 1726 τῆς
1197 1642 1358 1733 ᾠδῆς
1395 1649 1459 1709 οἱ
1487 1646 1603 1728 πρὸ
1639 1658 1745 1727 τῆς
1779 1649 2147 1721 καταλύσεως
2181 1657 2287 1710 τοῦ

264 1745 369 1816 τῆς
406 1733 643 1814 ἀπήνης
686 1733 1115 1816 ἀγωνίσματος·
1163 1737 1461 1816 κατελύθη
1507 1734 1572 1798 δὲ
1615 1736 1750 1818 περὶ
1793 1736 1904 1816 τὴν
1947 1732 2038 1799 πί
2077 1731 2287 1817 Ὀλυμ-

264 1825 468 1885 πιάδα.
520 1885 528 1900 ,
558 1821 789 1904 ἄπορον
835 1822 899 1885 δὲ
945 1824 1056 1903 τὴν
1100 1823 1328 1904 πόστην
1366 1819 1734 1904 Ὀλυμπιάδα
1778 1823 2065 1905 ἐνίκησεν.

396 1923 579 1984 Insor.
615 1921 671 1985 b.
731 1915 1015 2008 Ἀγησίᾳ
1050 1923 1552 2009 Συρακουσίῳτ
1598 1920 1680 1997 ὡς
1725 1921 1833 2004 μὲν
1878 1922 2047 2004 ἔνιοι,
2083 1928 2285 2006 Συρα-
2313 1937 2479 1995 ecto

264 2013 515 2098 κουσίῳ,
568 2009 649 2084 ὡς
696 2009 761 2073 δὲ
805 2011 984 2092 ἔνιοι,
1027 2014 1426 2099 Στυμφηλίῳ,
1469 2014 1582 2097 υἱῷ
1628 2013 2012 2095 Σωστράτου,
2066 2012 2287 2100 ἀπήνῃ.

409 2332 437 2379 1
475 2333 574 2395 τῆς
610 2326 832 2399 ἐπῳδοῦ
869 2324 939 2380 τὰ
976 2328 1125 2379 κῶλα
1162 2328 1293 2379 ante
1330 2323 1366 2394 ἡ
1405 2324 1468 2381 δὲ
1505 2326 1589 2379 ἐπ.
1627 2340 1835 2393 praem.
1869 2327 1905 2380 Ε
1932 2328 1951 2395 ΙΙ
1977 2324 2014 2395 ἡ
2052 2324 2116 2379 δὲ
2145 2325 2286 2397 ἐπῳ-

264 2398 387 2469 δὸς]
422 2399 521 2452 καὶ
547 2396 583 2466 ἡ
613 2396 801 2469 ἐπῳδὴ
841 2399 879 2451 Ι)
908 2400 927 2467 ΙΙ
952 2396 1109 2465 παρὰ
1139 2396 1253 2453 Ess:
1292 2396 1425 2465 περὶ
1463 2398 1502 2451 D
1522 2396 1750 2451 Tzetzes
1797 2397 1890 2451 ἐπὶ
1918 2399 1962 2452 Α
2080 2402 2111 2449 2
2151 2394 2286 2466 μίαν

263 2470 333 2524 A:
372 2466 507 2539 μίαν
545 2468 818 2540 συλλαβὴν
857 2468 951 2525 Dss
986 2486 1092 2523 om.
1126 2470 1162 2523 Ε
1197 2470 1217 2539 ΙΙ
1250 2468 1376 2539 τοῦ]
1414 2466 1678 2536 δευτέρου
1714 2467 1942 2523 Tzetzes
1977 2470 1997 2537 ΙΙ
2025 2468 2288 2539 ἰαμβικοῢ

263 2538 385 2595 Ass:
427 2538 633 2611 ἰάμβου
671 2541 762 2595 ΒΕ
906 2545 939 2592 4
975 2538 1008 2593 ὁ
1028 2570 1095 2580 —-
1116 2540 1229 2612 ἔχει
1265 2557 1374 2594 om.
1402 2540 1448 2594 Α
1591 2544 1623 2593 5
1661 2538 2095 2611 ἀναπαιστικὸν]
2135 2540 2290 2594 ἀντι-

265 2610 572 2666 σπαστικὸν
621 2612 657 2665 Ε
721 2611 891 2666 ἀναπ.
938 2609 1114 2680 ἤγουν
1161 2609 1251 2681 (ἤγ
1288 2627 1426 2665 corr.
1475 2626 1543 2664 ex
1578 2613 1669 2681 μο)
1717 2610 1822 2664 δύο
1869 2609 2210 2664 ἀνάπαιστοι
2247 2609 2289 2666 ss

263 2681 625 2751 (ἀνάπαιστοι
669 2680 778 2752 γὰρ
825 2680 928 2737 δύο
966 2681 1214 2752 Tzetzes)
1268 2684 1302 2771 Ι]ἰ
1342 2679 1732 2753 μονόξᾶμετρον
1766 2684 1810 2737 Α
1857 2682 1939 2752 (in
1977 2688 2008 2735 2
2047 2682 2234 2750 verse.)
2270 2681 2290 2754 ΙΙ

264 2750 670 2823 καταληκτικόν
707 2754 751 2807 Α
904 2758 937 2806 6
974 2752 1224 2824 ἰωνικὸν]
1270 2774 1307 2821 η
1347 2753 1578 2807 ἰωνικὸν
1618 2755 1656 2807 Ι)
1812 2758 1842 2807 7
1879 2750 1916 2822 ἢ
1938 2785 2006 2793 —
2026 2749 2286 2823 δίμετρον

265 2842 371 2879 om.
410 2827 483 2892 Α;
520 2821 725 2877 seclusi
762 2825 782 2893 ΙΙ
818 2821 1098 2896 δίμετρον]
1137 2821 1249 2893 δίμ.
1289 2822 1677 2893 ἀκατάληπτον
1715 2822 1756 2879 ss
1810 2820 1924 2894 δίμ.
1962 2828 2292 2893 καταληκτι-

262 2894 367 2952 κόν
399 2898 435 2951 Ε
544 2900 577 2949 8
606 2891 719 2964 δίμ.
749 2894 909 2948 ἀκατ.
925 2896 989 2950 V:
1019 2888 1259 2965 ἄμετρον
1286 2894 1777 2965 ὑπερκατάληκτον
1804 2896 1850 2950 Α
1956 2900 1990 2949 8
2010 2913 2076 2965 sq
2117 2938 2129 2950 .
2161 2895 2289 2951 ἔνα-

262 2986 363 3022 τον
398 2967 630 3036 προσοδ.
660 2966 757 3019 καὶ
784 2963 1043 3035 δίμετρόν
1070 2987 1125 3021 τι
1150 2965 1303 3021 πέλει
1331 2965 1558 3020 Tzetzes
1685 2972 1718 3019 9
1758 2962 1952 3035 ὅμοιον
1981 2968 2049 3023 A:
2076 2914 2286 3036 δμοίως

264 3039 303 3093 V
330 3040 350 3107 ΙΙ
383 3042 460 3109 τῷ
497 3035 546 3109 β’
584 3035 707 3092 Au:
743 3039 823 3109 τῷ
853 3035 900 3096 ς’
933 3039 972 3092 Ι)
1014 3053 1119 3091 om.
1151 3039 1187 3092 Ε
1214 3040 1233 3106 ΙΙ
1267 3044 1335 3107 τῇ
1375 3044 1589 3108 στροφῇ
1630 3039 1666 3092 Ε
1692 3039 1712 3107 ΙΙ
1737 3045 1849 3092 τῶν
1887 3037 2128 3091 ἰωνικῶν
2168 3035 2281 3092 Ess:

262 3118 375 3164 τῶν
420 3108 666 3163 ίωνικῶν
707 3115 820 3162 τῶν
864 3108 910 3162 Α
975 3116 1094 3171 τοῖς
1141 3108 1393 3172 ἰωνικοῖς
1433 3117 1554 3172 τοῖς
1599 3110 1638 3163 Ι)
1808 3113 1878 3162 10
1923 3106 2118 3178 ὅμοιον
2164 3106 2286 3164 Ααε

266 3176 469 3249 ὁμοίως
495 3182 586 3235 ΒΕ
696 3184 761 3231 11
799 3176 1091 3249 τρίμετρον
1119 3177 1485 3234 DssTzetzes:
1521 3175 1783 3249 δίμετρον
1813 3181 1906 3236 ΑΕ
1973 3181 1978 3186 “
2018 3185 2083 3232 12
2119 3177 2183 3232 τὸ
2212 3176 2284 3247 ιγ’

264 3251 659 3320 ἀνακλώμενον
685 3250 1028 3318 προσοδικὸν
1060 3247 1352 3321 τρίμετρον
1390 3250 1918 3322 βραχυκατάληκτον
1956 3250 2072 3305 ἀπὸ
2098 3268 2216 3319 χορ.
2248 3251 2286 3303 Ι)

267 3320 542 3389 (Τκθῢκθε,
579 3339 686 3376 om.
726 3321 944 3391 ἀνακλ.)
1081 3327 1163 3375 14.
1187 3326 1253 3376 15
1290 3320 1659 3390 Στυμφάλιον
1697 3338 1826 3411 ego:
1864 3319 2185 3389 Πάμφυλον

269 3398 335 3446 15
377 3390 431 3447 οἱ
467 3390 529 3447 δὲ
564 3389 802 3465 χρ(όνοι)
834 3412 881 3445 τ.
922 3388 966 3463 ᾧ
1002 3390 1058 3446 οἱ
1092 3394 1161 3448 A:
1210 3392 1240 3446 ὁ
1281 3392 1344 3448 δὲ
1380 3391 1584 3464 χρόνος
1617 3412 1664 3447 τ.
1704 3412 1747 3464 ῳ
1795 3391 1825 3445 ὁ
1865 3390 2173 3446 Schroeder

269 3467 335 3517 18
383 3460 621 3533 χρυσέας
654 3462 692 3515 l.
732 3478 940 3532 praem.
981 3463 1020 3519 ss
1057 3466 1077 3533 ΙΙ
1111 3462 1419 3534 γέγραπται
1454 3463 1490 3533 ἡ
1529 3460 1641 3538 ᾠδὴ
1676 3464 1808 3534 post
1841 3463 1880 3518 1.
1918 3463 2086 3516 inser.
2113 3475 2145 3514 v
2181 3458 2292 3526 (γέ-

265 3552 513 3605 γραπται
550 3532 580 3586 ὁ
616 3530 793 3601 ’ὕμνος
823 3530 1146 3607 Ἀγησιλάῳ,
1192 3552 1299 3589 om.
1338 3534 1395 3603 1.,
1434 3535 1494 3605 0)
1684 3538 1768 3588 18.
1790 3538 1856 3587 19
1895 3526 2288 3599 Συρακουσίῳ]

261 3602 490 3679 Ἁγησία
527 3606 664 3671 Συρ.
703 3618 737 3657 ν
857 3609 922 3658 19
958 3603 1301 3681 Σταμφυλίῳ
1342 3605 1379 3662 0
1419 3605 1536 3675 (cfr.
1578 3606 1621 3661 Α
1659 3607 1848 3673 supra.)
