2646 3882
425 226 510 291 86
1320 227 1547 282 Scholia

194 411 400 469 Β(ο)εο
428 393 536 473 τὴν
580 393 873 476 φροντίδα
924 392 1071 476 πρὸς
1124 393 1189 456 τὸ
1244 392 1514 476 ἀγρεύειν
1567 393 1637 455 τὰ
1688 395 1854 458 καλά.
1895 395 1906 471 Ι
1946 395 2169 456 τούτων
2221 394 2332 477 γὰρ
2384 394 2452 456 τὸ

426 481 622 565 ἕτερον
684 477 830 544 καθ’
888 481 1060 544 ἑαυτὸ
1124 482 1232 564 οὐχ
1292 477 1439 562 ἡδύ·
1505 481 1588 557 ὡς
1649 482 1752 545 καὶ
1801 485 2172 565 Καλλίμαχος
2225 478 2330 568 (Η.
2386 487 2454 546 in

424 573 464 632 J
465 593 557 634 ov.
596 574 678 633 95
722 588 734 600 ·
802 601 805 604 ·

599 566 728 722 σίζ’
769 659 977 742 ἀρετῆς
1020 658 1155 742 ἄτερ
1202 659 1378 742 ὄλβος
1423 658 1722 722 ἐπίσταται
1764 657 1991 744 ἄνδρας
2033 659 2245 740 ἀέξειν,

600 743 726 812 οὔτ’
768 747 941 832 ἀρετὴ
988 747 1261 829 ἀφένοιο·
1309 750 1483 812 δίδον
1530 744 1586 810 δ’
1629 749 1842 831 ἀρετήν
1885 771 1946 812 τε
1988 749 2090 812 καὶ
2135 749 2330 831 ὄλβον.
2517 775 2547 815 5

420 855 523 918 καὶ
574 853 614 935 ὴ
658 856 899 935 Σαπφώ
942 849 1042 940 (fr.
1083 849 1223 939 80)·
1284 861 1536 929 πλοῦτος
1595 854 1743 918 ἄνευ
1802 855 2013 937 ἀρετῆς
2071 857 2182 919 οὐκ
2236 856 2452 936 ἀσινὴς

422 946 723 1027 πάροικος.
813 942 853 1024 ὴ
901 942 965 1012 δὲ
1019 944 1079 1020 ἐξ
1135 942 1487 1027 ἀμφοτέρων
1539 955 1748 1026 κρᾶσις
1802 945 2182 1026 εὐδαιμονίας
2226 945 2341 1027 ἔχει
2384 946 2451 1008 τὸ

312 1053 396 1109 εο
426 1033 629 1117 ἀκρον.
702 1043 873 1096 τοῦτο
910 1039 1217 1115 προσεῖναι
1252 1040 1334 1118 τῷ
1366 1033 1608 1114 Θήρωνι
1643 1041 1940 1123 μαρτυρεί
1987 1059 2066 1098 104
2095 1055 2127 1098 Β
2243 1057 2298 1114 g.
2345 1033 2454 1096 ἅλ-

424 1129 564 1196 λως·
612 1120 644 1184 6
691 1122 945 1196 πλοῦτός
986 1145 1053 1205 γε
1090 1121 1210 1203 μὴν
1254 1127 1389 1196 ταῖς
1435 1122 1668 1203 ἀρεταῖς
1713 1121 2149 1203 κεκοσμημένος
2185 1123 2287 1186 καὶ
2329 1133 2452 1185 τῶν

420 1211 481 1288 ἐξ
526 1211 713 1274 αὐτοῦ
760 1211 1209 1293 εύφραινόντων
1254 1210 1352 1273 καὶ
1398 1221 1518 1272 τῶν
1562 1210 1628 1272 ἐκ
1673 1220 1778 1291 τῆς
1815 1211 2024 1294 ἀρετῆς
2059 1213 2452 1292 κοσμούντων
2482 1238 2544 1277 10

421 1301 629 1363 δίδωσι
686 1300 895 1382 καιρὸν
950 1299 1053 1362 καὶ
1110 1297 1374 1380 ἡδονὴν,
1432 1300 1543 1379 τὴν
1601 1300 1827 1380 πολλὴν
1880 1299 1980 1362 καὶ
2035 1303 2296 1381 βαθεῖαν
2349 1302 2454 1364 καὶ

420 1388 673 1468 συνετὴν
721 1389 995 1451 διάνοιαν
1051 1387 1297 1452 εὔκολον
1353 1388 1454 1450 καὶ
1499 1387 1791 1468 εὔληπτον
1845 1388 1948 1450 καὶ
1991 1386 2312 1472 ἀγροτέραν
2360 1391 2452 1452 δι-

420 1479 585 1552 δούς.
736 1480 792 1541 h.
853 1481 1191 1559 βαθεῖανε
1250 1477 1361 1557 τὴν
1419 1478 1692 1556 συνετήν.
1831 1479 1875 1538 i.
1934 1476 2237 1558 ’ὑπέχωνε
2297 1477 2451 1541 ὑπο-

270 1586 392 1641 0Εο
418 1569 623 1640 τιθείς.
746 1569 815 1644 k.
876 1565 1294 1649 ἀγροτέραντ
1353 1565 1703 1649 ἀγρευτικὴν
1763 1575 1880 1627 τῶν
1938 1563 2162 1645 ἡδέων,
2221 1572 2452 1648 θηρευ-
2631 1641 2633 1644 ⁴

419 1654 733 1737 τικωτέραν
777 1655 927 1737 πρὸς
972 1654 1036 1716 τὸ
1082 1657 1344 1737 πορίζειν
1389 1655 1459 1716 τὰ
1504 1654 1720 1736 ἀγαθά.
1785 1679 1863 1718 101
1893 1673 1967 1718 οε
2483 1681 2542 1721 15

186 1765 221 1808 Β
266 1764 477 1821 (emto
562 1747 643 1808 98
664 1766 716 1806 a.
781 1743 980 1827 φέρει
1030 1753 1166 1806 τῶν
1211 1767 1280 1806 τε
1325 1744 1440 1806 καὶ
1493 1753 1655 1805 τῶνε
1711 1753 1830 1804 τῶν
1877 1745 2061 1806 αὐτοῦ
2103 1749 2301 1805 καλῶν
2347 1744 2453 1806 καὶ

418 1844 525 1915 τῆς
562 1831 785 1914 ἀρετῆς.
920 1835 976 1894 b.
1022 1831 1064 1913 ἢ
1098 1843 1217 1894 τῶν
1252 1833 1351 1894 ἐπὶ
1386 1842 1453 1916 τῇ
1492 1831 1742 1912 ἀθλήσει
1775 1833 2068 1912 καμάτων.
2204 1853 2254 1894 ο.
2299 1831 2451 1894 ἐκεί-

418 1947 565 2003 νων,
610 1921 782 2003 φησὶ,
812 1922 925 1984 καὶ
969 1923 1198 1986 τούτων
1240 1933 1360 1985 τῶν
1403 1927 1615 1984 καλῶν.
1689 1946 1766 1986 102
1797 1941 1829 1985 Β
1875 1932 1949 1985 96¹
1963 1940 2031 1996 (c)
2047 1939 2078 1985 ε

367 2033 398 2076 A
555 2016 655 2074 99.
728 2015 1064 2093 βαθεῖανε
1109 2012 1220 2092 τὴν
1256 2011 1532 2092 συνετὴν,
1567 2010 1684 2073 ἀπὸ
1721 2020 1840 2073 τῶν
1875 2010 1942 2074 ἕν
1977 2013 2158 2093 βάθει
2191 2011 2450 2076 ὑδάτων.

372 2122 403 2165 A
560 2105 687 2163 100
706 2123 759 2163 a.
824 2102 935 2181 τὴν
969 2102 1202 2162 ἅπαντα
1238 2100 1624 2184 ἀγρεύουσαν.
1751 2102 1807 2161 b.
1854 2099 2271 2182 ἀγροτέρανε
2318 2100 2455 2164 ἀντὶ
2483 2127 2542 2166 20

418 2201 523 2255 τοῦ
572 2188 979 2273 εὐαγροτέραν,
1023 2189 1125 2252 καὶ
1170 2189 1539 2272 θηρευτικὴν
1584 2190 1682 2263 εἰς’
1713 2190 1776 2251 τὸ
1821 2192 2102 2271 πορίζειν.

342 2292 420 2344 Βεῑ
556 2284 683 2342 100
703 2301 752 2342 e.
816 2272 1290 2363 (ἀγροτέρανε)
1336 2280 1774 2360 φροντιστικήν.

369 2389 403 2432 Α
558 2373 681 2432 101
705 2390 757 2431 a.
814 2367 1032 2450 ἀστὴρ
1086 2366 1447 2449 ἀρίζηλοςε
1504 2365 1536 2429 6
1591 2377 1857 2441 τοιοῦτος
1912 2372 2164 2441 πλοῦτος
2221 2366 2254 2429 6
2311 2368 2454 2448 μετὰ

422 2457 631 2541 ἀρετῆς
678 2456 859 2536 ἀστὴρ
905 2456 1179 2539 ἀρίζηλός
1224 2455 1344 2517 ἐστι
1387 2456 1488 2518 καὶ
1533 2455 1901 2536 ἐτυμώτατον
1946 2455 2120 2538 ἀνδρὶ
2165 2456 2399 2538 φέγγος.

214 2565 456 2621 nomeu
559 2550 682 2609 101
704 2548 759 2607 b.
814 2545 1034 2628 ἀστὴρ
1089 2545 1449 2625 ἀρίζηλος;
1515 2542 1546 2605 6
1603 2544 1742 2625 μετὰ
1796 2544 2006 2625 ἀρετῆς
2059 2550 2312 2616 πλοῦτος
2366 2542 2451 2617 ὥς
2482 2568 2538 2609 25

422 2634 605 2715 ἀστήρ
650 2634 808 2696 ἐστιν
854 2634 1121 2714 ἔκδηλος,
1167 2633 1466 2714 ἀληθινὸν
1503 2643 1636 2710 φῶς
1680 2640 1802 2707 τοῖς
1845 2632 2206 2715 ἀνθρώποις.
2272 2654 2324 2694 98
2344 2651 2376 2694 Β

373 2742 404 2785 A
562 2728 687 2785 102
709 2745 760 2785 a.
828 2723 890 2784 εἰ
934 2722 1008 2785 δέ
1052 2748 1167 2784 νιν
1213 2722 1414 2804 ἔχωνς
1459 2721 1591 2801 ἤτοι
1625 2723 1896 2784 καθόλου
1933 2717 2088 2804 [καὶ]
2125 2718 2450 2801 ἐξαιρετέον

423 2812 526 2873 τὸν
583 2811 648 2874 δέ
702 2812 1036 2892 σύνδεσμον
1079 2810 1121 2892 ἢ
1158 2810 1550 2892 μεταληπτέον
1596 2812 1680 2885 εἰς
1723 2811 1828 2873 τὸν
1877 2811 1984 2889 δή·
2044 2807 2075 2870 6
2120 2809 2230 2891 γὰρ
2278 2809 2451 2889 λόγος

422 2910 711 2974 τοιοῦτος·
770 2898 801 2961 6
848 2900 992 2981 μετὰ
1037 2910 1144 2980 τῆς
1188 2899 1399 2982 ἀρετῆς
1443 2906 1697 2973 πλοῦτος
1743 2898 1926 2981 ἀστήρ
1970 2899 2128 2961 ἐστιν
2175 2896 2453 2980 ἀρίζηλος

567 3113 596 3161 1
645 3107 937 3176 ἀγορεύειν
983 3122 1016 3163 ν
1059 3110 1079 3178 ΙΙ
1121 3106 1336 3163 τούτων
1405 3115 1570 3161 τοῦτο
1610 3106 1647 3162 G
1702 3106 1913 3177 ταύτην
1953 3107 1989 3161 Ε
2153 3110 2311 3159 2-8
2351 3105 2452 3161 cfr.

424 3178 617 3233 Thom.
651 3184 768 3245 126,
802 3185 865 3233 12
903 3179 1007 3233 Ab.
1162 3186 1197 3233 4
1242 3178 1315 3233 αὔ
1351 3198 1436 3232 ειν
1474 3178 1542 3233 8²
1695 3184 1742 3231 6.
1766 3184 1796 3231 ’1
1847 3177 2072 3247 ἀγαθὸς
2116 3177 2378 3239 σύνοικος
2415 3178 2454 3233 0

566 3255 597 3303 9
633 3269 665 3303 τ
740 3250 907 3321 ἀρετῇ
946 3250 989 3307 ss
1153 3256 1214 3304 11
1265 3250 1501 3321 βαρεῖαν
1542 3251 1578 3305 Ε
1749 3253 1819 3302 13
1865 3250 1999 3303 ansse
2074 3252 2284 3303 αθεῒαν
2321 3248 2452 3301 add.

424 3318 569 3375 κατὰ
604 3319 663 3375 λέ
694 3340 751 3375 ιν
789 3321 829 3378 ss
994 3328 1058 3375 16
1103 3319 1168 3393 1.]
1208 3319 1237 3375 ὁ
1276 3319 1389 3389 μὰν
1425 3323 1661 3381 πλοῦτος
1697 3319 1735 3377 G
1901 3324 1966 3373 1⁷
2069 3361 2080 3373 .
2119 3319 2320 3393 (τῶν)
2354 3328 2459 3389 τῆς

567 3397 633 3445 19
672 3392 906 3461 συνετὴν
944 3394 1091 3463 b(v):
1140 3391 1366 3447 σύνεσιν
1505 3397 1576 3446 20
1612 3388 1924 3460 ἀγροτέραν
1961 3393 2093 3445 ante
2127 3390 2232 3459 τὴν
2267 3394 2378 3460 trp.
2419 3392 2454 3446 h

566 3468 632 3517 21
670 3463 1001 3533 θηρευτικὴε
1043 3464 1075 3517 b
1220 3469 1289 3517 24
1327 3462 1676 3532 ἑτυμώτατον
1701 3461 2013 3515 Mommsen
2049 3461 2232 3531 suppl.
2272 3480 2325 3530 p.
2355 3468 2453 3515 23:

427 3533 611 3603 ἑτοιμό
647 3536 788 3605 τζον)
825 3536 869 3591 Α
1012 3539 1079 3587 27
1117 3534 1214 3589 καὶ
1252 3534 1478 3588 seclusi:
1517 3534 1616 3588 καὶ
1652 3530 1955 3601 ὁλόκληρον
1991 3533 2113 3602 (sed
2149 3530 2457 3602 ὁλόκληρον

426 3605 555 3676 del.)
593 3606 637 3661 A
691 3606 787 3660 καὶ
824 3604 1133 3674 ὁλοκλήρως
1167 3604 1479 3660 Mommsen
1513 3604 1550 3659 1.
1588 3604 1625 3659 l.
1654 3607 1673 3674 ΙΙ
1701 3600 2008 3671 ἐξαίρετονε
2049 3602 2356 3658 Schneider
